@article{turing1980computing,
  title={Computing Machinery and Intelligence.},
  author={Turing, Alan M},
  journal={Creative Computing},
  volume={6},
  number={1},
  pages={44--53},
  year={1980},
  publisher={ERIC}
}

@article{kerschke2019automated,
  title={Automated algorithm selection: Survey and perspectives},
  author={Kerschke, Pascal and Hoos, Holger H and Neumann, Frank and Trautmann, Heike},
  journal={Evolutionary computation},
  volume={27},
  number={1},
  pages={3--45},
  year={2019},
  publisher={mIT Press}
}

@article{samuel2000some,
  title={Some studies in machine learning using the game of checkers},
  author={Samuel, Arthur L},
  journal={IBM Journal of research and development},
  volume={44},
  number={1.2},
  pages={206--226},
  year={2000},
  publisher={IBM}
}

@STRING{IDA = "{P}roc. of {I}nt. {S}ymp. on {I}ntelligent {D}ata {A}nalysis"}
@STRING{ICSC = "{IEEE} {I}nt. {C}onf. on {S}emantic {C}omputing"}
@STRING{KDD = "{P}roc. of {ACM} {I}nt. {C}onf. on {K}nowledge {D}iscovery and {D}ata {M}ining"}
@STRING{ICMLA = "{P}roc. of {I}nt. {C}onf. on {M}achine {L}earning and Applications"}
@STRING{JAIR = "{J}ournal of {A}rtificial {I}ntelligence {R}esearch"}
@STRING{ESWC = "{P}roc. of {I}nt. {E}uropean {S}emantic {W}eb {C}onference"}
@STRING{TKDE = "{T}rans. {K}nowl. {D}ata {E}ng."}
@STRING{IJAIT = "{I}nt. {J}ournal on Artificial {I}ntelligence {T}ools"}
@STRING{FGCS = "{F}uture {G}eneration {C}omputer {S}ystems"}
@STRING{TPAMI = "{T}rans. {P}attern {A}nal. {M}ach. {I}ntell."}

@inproceedings{Shang18DEEM@SIGMOD,
  author    = {Carsten Binnig and
               Benedetto Buratti and
               Yeounoh Chung and
               Cyrus Cousins and
               Tim Kraska and
               Zeyuan Shang and
               Eli Upfal and
               Robert C. Zeleznik and
               Emanuel Zgraggen},
  title     = {Towards Interactive Curation {\&} Automatic Tuning of {ML} Pipelines},
  booktitle = {Proceedings of the Second Workshop on Data Management for End-To-End
               Machine Learning, DEEM@SIGMOD 2018},
  pages     = {1:1--1:4},
  year      = {2018},
}

@inproceedings{Shang19SIGMOD,
  author    = {Zeyuan Shang and
               Emanuel Zgraggen and
               Benedetto Buratti and
               Ferdinand Kossmann and
               Philipp Eichmann and
               Yeounoh Chung and
               Carsten Binnig and
               Eli Upfal and
               Tim Kraska},
  title     = {Democratizing Data Science through Interactive Curation of {ML} Pipelines},
  pages     = {1171--1188},
  year      = {2019},
  series = {SIGMOD '19}
}
%booktitle = {Proceedings of the 2019 International Conference on Management of Data},

@inproceedings{Berti20CIDR,
  author    = {Laure Berti{-}{\'{E}}quille},
  title     = {Active Reinforcement Learning for Data Preparation: Learn2Clean with
               Human-In-The-Loop},
  series = {CIDR '20},
  year      = {2020},
}
%booktitle = {{CIDR} 2020, 10th Conference on Innovative Data Systems Research,
               Amsterdam, The Netherlands, January 12-15, 2020, Online Proceedings},

@inproceedings{Berti19WWW,
  author    = {Laure Berti{-}{\'{E}}quille},
  title     = {Learn2Clean: Optimizing the Sequence of Tasks for Web Data Preparation},
  series = {WWW '19},
  pages     = {2580--2586},
  year      = {2019},
}
%booktitle = {The World Wide Web Conference, {WWW} 2019, San Francisco, CA, USA,               May 13-17, 2019},

@inproceedings{Quemy19DOLAP,
  author    = {Alexandre Quemy},
  title     = {Data Pipeline Selection and Optimization},
  booktitle = {Proceedings of the 21st International Workshop on Design, Optimization,
               Languages and Analytical Processing of Big Data, co-located with {EDBT/ICDT}
               Joint Conference, DOLAP@EDBT/ICDT 2019, Lisbon, Portugal, March 26,
               2019},
  year      = {2019},
  timestamp = {Wed, 12 Feb 2020 16:45:02 +0100},
  biburl    = {https://dblp.org/rec/conf/dolap/Quemy19.bib},
  bibsource = {dblp computer science bibliography, https://dblp.org}
}


@article{Quemy20InfSystems,
author    = {Alexandre Quemy},
title = "Two-stage optimization for machine learning workflow",
journal = "Information Systems",
volume = "92",
pages = "101483",
year = "2020",
issn = "0306-4379",
}

@misc{autoMLsurveyQuanming,
    title={Taking Human out of Learning Applications: A Survey on Automated Machine Learning},
    author={Quanming Yao and Mengshuo Wang and Yuqiang Chen and Wenyuan Dai and Yu-Feng Li and Wei-Wei Tu and Qiang Yang and Yang Yu},
    year={2018},
    eprint={1810.13306},
    archivePrefix={arXiv},
    primaryClass={cs.AI}
}

@article{heineken,
  title={The Incredible Ways Heineken Uses Big Data, The Internet Of Things And Artificial Intelligence (AI)},
  author={Bernard Marr},
  journal={Bernard Marr},
  volume={},
  number={},
  pages={},
  year={2019},
  publisher={},
}

@article{data_driven_marketing,
author = { Maurice   Mulvenna  and  Marian   Norwood  and  Alex   Büchner },
title = {Data-Driven Marketing},
journal = {Electronic Markets},
volume = {8},
number = {3},
pages = {32-35},
year  = {1998},
publisher = {Routledge},
}

@article {naive_bayes,
author = {Lowd, Daniel and Domingos, Pedro},
title = {Naive Bayes Models for Probability Estimation},
year = {2005},
isbn = {1595931805},
publisher = {Association for Computing Machinery},
address = {New York, NY, USA},
doi = {10.1145/1102351.1102418},
booktitle = {Proceedings of the 22nd International Conference on Machine Learning},
pages = {529–536},
numpages = {8},
location = {Bonn, Germany},
series = {ICML ’05}
}

@article{iot,
author={ {Lu Tan} and {Neng Wang}},
booktitle={2010 3rd International Conference on Advanced Computer Theory and Engineering(ICACTE)},
title={Future internet: The Internet of Things},
year={2010},
volume={5},
number={},
pages={V5-376-V5-380},
month={Aug},}

@article{machine_learning, title={Machine-Learning Research}, volume={18}, DOI={10.1609/aimag.v18i4.1324}, number={4}, journal={AI Magazine}, author={Dietterich, Thomas G.}, year={1997}, month={Dec.}, pages={97} }

@article{data_analytics,
title = "Trends in big data analytics",
journal = "Journal of Parallel and Distributed Computing",
volume = "74",
number = "7",
pages = "2561 - 2573",
year = "2014",
note = "Special Issue on Perspectives on Parallel and Distributed Processing",
issn = "0743-7315",
doi = "https://doi.org/10.1016/j.jpdc.2014.01.003",
author = "Karthik Kambatla and Giorgos Kollias and Vipin Kumar and Ananth Grama",
}

@article{k_nearest_neighbor,
AUTHOR = {Peterson, L. E.},
TITLE   = {{K}-nearest neighbor},
YEAR    = {2009},
JOURNAL = {Scholarpedia},
VOLUME  = {4},
NUMBER  = {2},
PAGES   = {1883},
DOI     = {10.4249/scholarpedia.1883},
NOTE    = {revision \#137311}
}

@article{data_science,
author = {Dhar, Vasant},
title = {Data Science and Prediction},
year = {2013},
issue_date = {December 2013},
publisher = {Association for Computing Machinery},
address = {New York, NY, USA},
volume = {56},
number = {12},
issn = {0001-0782},
doi = {10.1145/2500499},
journal = {Commun. ACM},
month = dec,
pages = {64–73},
numpages = {10}
}

@article{pre_processing,
author = {Kotsiantis, Sotiris and Kanellopoulos, Dimitris and Pintelas, P.},
year = {2006},
month = {01},
pages = {111-117},
title = {Data Preprocessing for Supervised Learning},
volume = {1},
journal = {International Journal of Computer Science}
}

@inbook{wot,
author = {Guinard, Dominique and Trifa, Vlad},
year = {2009},
month = {01},
pages = {1506-1518},
title = {Towards the Web of Things: Web Mashups for Embedded Devices},
journal = {Book Towards the Web of Things: Web Mashups for Embedded Devices}
}

@article{pervasive,
author={M. {Satyanarayanan}},
journal={IEEE Personal Communications},
title={Pervasive computing: vision and challenges},
year={2001},
volume={8},
number={4},
pages={10-17},
keywords={mobile computing;distributed processing;land mobile radio;pervasive computing;computer systems research;distributed systems;mobile computing;smart spaces;invisibility;localized scalability;uneven conditioning masking;research;wireless LAN;Pervasive computing;Mobile computing;Scalability;Space technology;Wireless application protocol;Access protocols;TCPIP;Transcoding;Resource management;Computer vision},
doi={10.1109/98.943998},
ISSN={1558-0652},
month={Aug},}

@article{coca-cola,
  title={Coca-Cola: Driving success with AI and Big Data},
  author={Bernard Marr},
  journal={Bernard Marr},
  volume={},
  number={},
  pages={},
  year={2019},
  publisher={}}
}

@article{balanced_accuracy1,
  author = {Brodersen, Kay H. and Ong, Cheng Soon and Stephan, Klaas and Buhmann, Joachim},
year = {2010},
month = {08},
pages = {3121-3124},
title = {The Balanced Accuracy and Its Posterior Distribution},
volume = {0},
isbn = {978-0-7695-4109-9},
journal = {Pattern Recognition, International Conference on},
doi = {10.1109/ICPR.2010.764}
}

@article{balanced_accuracy2,
author = {Kelleher, John and Mac Namee, Brian and D'Arcy, Aoife},
year = {2015},
month = {07},
pages = {},
title = {Fundamentals of Machine Learning for Predictive Data Analytics: Algorithms, Worked Examples, and Case Studies},
isbn = {9780262029445}
}

@article{big_data,
  title={How Much Data Do We Create Every Day?},
  author={Bernard Marr},
  journal={Forbes},
  volume={},
  number={},
  pages={},
  year={May 21, 2018},
  publisher={}
}

@article{data-growth,
  title={IoT, Big Data and AI – the New ‘Superpowers’ In the Digital Universe},
  author={Linda Misauer},
  journal={Business2Community},
  volume={},
  number={},
  pages={},
  year={October 5, 2017},
  publisher={}}
}

@article{data-scientists,
  title={Data Scientists Don't Scale},
  author={Stuart Frankel},
  journal={Harvard Business Review},
  volume={},
  number={},
  pages={},
  year={May 22, 2015},
  publisher={}}
}

@article{data-preparation-impact,
  author = {Crone, Sven and Lessmann, Stefan and Stahlbock, Robert},
year = {2006},
month = {09},
pages = {781-800},
title = {The impact of preprocessing on data mining: An evaluation of classifier sensitivity in direct marketing},
journal = {European Journal of Operational Research},
doi = {10.1016/j.ejor.2005.07.023}
}

@article{mli,
  title={MLI: An API for Distributed Machine Learning},
  author={E. Sparks and A. Talwalkar},
  journal={International Conference on Data Mining},
  volume={},
  number={},
  pages={},
  year={2013},
  publisher={}
}

@article{mlbase1,
  title={MLbase: A Distributed Machine Learning System},
  author={T. Kraska and A. Talwalkar and J.Duchi and R. Griffith and M. Franklin and M.I. Jordan},
  journal={Conference on Innovative Data Systems Research},
  volume={},
  number={},
  pages={},
  year={2013},
  publisher={}
}

@article{mlbase2,
  title={MLbase: A Distributed Machine Learning Wrapper},
  author={A. Talwalkar and T. Kraska},
  journal={Big Learning Workshop at NIPS},
  volume={},
  number={},
  pages={},
  year={2012},
  publisher={}
}

@article{nas,
  title={Neural Architecture Search: A Survey},
    author={Thomas Elsken and Jan Hendrik Metzen and Frank Hutter},
    year={2018},
    eprint={1808.05377},
    archivePrefix={arXiv},
    primaryClass={stat.ML}
}

@article{tl,
  title={Spring Research Presentation: A Theoretical Foundation for Inductive Transfer},
  author={West, Jeremy; Ventura, Dan; Warnick, Sean},
  journal={Brigham Young University, College of Physical and Mathematical Sciences},
  volume={},
  number={},
  pages={},
  year={2007},
  publisher={}
}

@article{auto_weka,
author = {Kotthoff, L. and Thornton, Colleen and Hoos, Holger and Hutter, F. and Leyton-Brown, Kevin},
year = {2017},
month = {03},
pages = {1-5},
title = {Auto-WEKA 2.0: Automatic model selection and hyperparameter optimization in WEKA},
volume = {18},
journal = {Journal of Machine Learning Research}
}

@article{tpot,
  author = {Olson, Randal and Moore, Jason},
year = {2019},
month = {05},
pages = {151-160},
title = {TPOT: A Tree-Based Pipeline Optimization Tool for Automating Machine Learning},
isbn = {978-3-030-05317-8},
doi = {10.1007/978-3-030-05318-5_8}
}

@article{recipe,
  author = {De Sá, Alex and Pinto, Walter and Oliveira, Luiz Otávio and Pappa, Gisele},
year = {2017},
month = {03},
pages = {246-261},
title = {RECIPE: A Grammar-Based Framework for Automatically Evolving Classification Pipelines},
isbn = {978-3-319-55695-6},
doi = {10.1007/978-3-319-55696-3_16}
}

@article{cross_validation,
  title={Cross validation},
  author={Georgios Drakos},
  journal={Medium},
  volume={},
  number={},
  pages={},
  year={16 Aug 2018},
  publisher={}
}

@article{auto_sklearn,
title = {Efficient and Robust Automated Machine Learning},
author = {Feurer, Matthias and Klein, Aaron and Eggensperger, Katharina and Springenberg, Jost and Blum, Manuel and Hutter, Frank},
editor = {C. Cortes and N. D. Lawrence and D. D. Lee and M. Sugiyama and R. Garnett},
pages = {2962--2970},
year = {2015},
publisher = {Curran Associates, Inc.}
}

@article{bayesian_tutorial,
      title={A Tutorial on Bayesian Optimization of Expensive Cost Functions, with Application to Active User Modeling and Hierarchical Reinforcement Learning},
    author={Eric Brochu and Vlad M. Cora and Nando de Freitas},
    year={2010},
    eprint={1012.2599},
    archivePrefix={arXiv},
    primaryClass={cs.LG}
}

@article{gp_regression,
  title={An intuitive guide to Gaussian processes},
  author={Oscar Knagg},
  journal={Towards Data Science},
  volume={},
  number={},
  pages={},
  year={Jan 15, 2019},
  publisher={Medium}
}

@article{gp_kernel,
  title={A Tutorial on Bayesian Optimization},
    author={Peter I. Frazier},
    year={2018},
    eprint={1807.02811},
    archivePrefix={arXiv},
    primaryClass={stat.ML}
}

@article{random_forest,
  title={Random Forest Regression},
  author={Afroz Chakure},
  journal={Towards Data Science},
  volume={},
  number={},
  pages={},
  year={Jun 29, 2019},
  publisher={Medium}
}

@article{presistant19DKE,
  author    = {Besim Bilalli and
               Alberto Abell{\'{o}} and
               Tom{\`{a}}s Aluja{-}Banet and
               Robert Wrembel},
  title     = {{PRESISTANT:} Learning based assistant for data pre-processing},
  journal   = {Data Knowl. Eng.},
  volume    = {123},
  year      = {2019}
}

@article{presistant18CSI,
  author    = {Besim Bilalli and
               Alberto Abell{\'{o}} and
               Tom{\`{a}}s Aluja{-}Banet and
               Robert Wrembel},
  title     = {Intelligent assistance for data pre-processing},
  journal   = {Comput. Stand. Interfaces},
  volume    = {57},
  pages     = {101--109},
  year      = {2018},
}

@inproceedings{presistant18CAISE,
  author    = {Besim Bilalli and
               Alberto Abell{\'{o}} and
               Tom{\`{a}}s Aluja{-}Banet and
               Rana Faisal Munir and
               Robert Wrembel},
  title     = {{PRESISTANT:} Data Pre-processing Assistant},
  series = {{CA}i{SE} Forum '18},
  pages     = {57--65},
  year      = {2018},
}
%booktitle = {Information Systems in the Big Data Era - CAiSE Forum 2018, Tallinn, Estonia, June 11-15, 2018, Proceedings},

@article{Bilalli17AMCS,
  author    = {Besim Bilalli and
               Alberto Abell{\'{o}} and
               Tom{\`{a}}s Aluja{-}Banet},
  title     = {On the predictive power of meta-features in OpenML},
  journal   = {Int. J. Appl. Math. Comput. Sci.},
  volume    = {27},
  number    = {4},
  pages     = {697--712},
  year      = {2017}
}

@article{near_miss,
  author = {Zhang, J. and Mani, I.},
  biburl = {https://www.bibsonomy.org/bibtex/2cf4d2ac8bdac874b3d4841b4645a5a90/diana},
  booktitle = {{Proceedings of the ICML'2003 Workshop on Learning from Imbalanced Datasets}},
  description = {The big one},
  title = {{KNN Approach to Unbalanced Data Distributions: A Case Study Involving Information Extraction}},
  year = 2003
}

@article{condensed_nearest_neighbhor,
  author={P. {Hart}},
journal={IEEE Transactions on Information Theory},
title={The condensed nearest neighbor rule (Corresp.)},
year={1968},
volume={14},
number={3},
pages={515-516},
keywords={Pattern classification},
month={May},}

@article{smote,
  title={SMOTE: Synthetic Minority Over-sampling Technique},
   volume={16},
   journal={Journal of Artificial Intelligence Research},
   publisher={AI Access Foundation},
   author={Chawla, N. V. and Bowyer, K. W. and Hall, L. O. and Kegelmeyer, W. P.},
   year={2002},
   month={Jun},
   pages={321–357}
}

@article{transmogrif_ai,
  title={AutoML: The Assembly Line of Machine Learning},
  author={Mayukh Bhaowal},
  journal={DataEngConf},
  volume={},
  number={},
  pages={},
  year={2018},
  publisher={}
}


@article{Knuth1968,
  title={Semantics of Context-free Languages},
  author={Knuth, Donald E},
  journal={Mathematical Systems Theory},
  volume={2},
  number={2},
  pages={127--145},
  year={1968},
  publisher={Springer}
}

@article{data-scientists,
  title={Data Scientists Don't Scale},
  author={Stuart Frankel},
  journal={Harvard Business Review},
  volume={},
  number={},
  pages={},
  year={May 22, 2015},
  publisher={},
}

@article{Munson09Pre,
 author = {Munson, M. Arthur},
 title = {A Study on the Importance of and Time Spent on Different Modeling Steps},
 journal = {SIGKDD Explor. Newsl.},
 issue_date = {December 2011},
 volume = {13},
 number = {2},
 year = {2012},
 pages = {65--71},
 numpages = {7},
}


@inproceedings{ActiveClean16SIGMOD,
 author = {Krishnan, Sanjay and Franklin, Michael J. and Goldberg, Ken and Wang, Jiannan and Wu, Eugene},
 title = {ActiveClean: An Interactive Data Cleaning Framework For Modern Machine Learning},
 series = {SIGMOD '16},
 year = {2016},
 pages = {2117--2120},
 numpages = {4},
} 
%booktitle = {Proceedings of the International Conference on Management of Data},

@inproceedings{DataCivilizer17CIDR,
  author    = {Dong Deng and
               Raul Castro Fernandez and
               Ziawasch Abedjan and
               Sibo Wang and
               Michael Stonebraker and
               Ahmed K. Elmagarmid and
               Ihab F. Ilyas and
               Samuel Madden and
               Mourad Ouzzani and
               Nan Tang},
  title     = {The Data Civilizer System},
  booktitle = {Online Proceedings of the Biennial Conference on Innovative Data Systems Research},
  series = {CIDR '17},
  year      = {2017},
}

@inproceedings{DataTamer13CIDR,
  author    = {Michael Stonebraker and
               Daniel Bruckner and
               Ihab F. Ilyas and
               George Beskales and
               Mitch Cherniack and
               Stanley B. Zdonik and
               Alexander Pagan and
               Shan Xu},
  title     = {Data Curation at Scale: The Data Tamer System},
  booktitle = {Online Proceedings Biennial Conference on Innovative Data Systems
               Research},
  series = {CIDR '17},
  year      = {2013},
  pages = {},
}


@inproceedings{BigDansing15SIGMOD,
 author = {Khayyat, Zuhair and Ilyas, Ihab F. and Jindal, Alekh and Madden, Samuel and Ouzzani, Mourad and Papotti, Paolo and Quian{\'e}-Ruiz, Jorge-Arnulfo and Tang, Nan and Yin, Si},
 title = {BigDansing: A System for Big Data Cleansing},
  series = {SIGMOD '15},
 year = {2015},
 pages = {1215--1230},
 numpages = {16},
} 
%booktitle = {Proceedings of the International Conference on Management of Data},

@article{Llunatic13VLDBEnd,
 author = {Geerts, Floris and Mecca, Giansalvatore and Papotti, Paolo and Santoro, Donatello},
 title = {The LLUNATIC Data-cleaning Framework},
 journal = {PVLDB End.},
 issue_date = {July 2013},
 volume = {6},
 number = {9},
 month = jul,
 year = {2013},
 pages = {625--636},
} 


@inproceedings{NADEEF13SIGMOD,
 author = {Dallachiesa, Michele and Ebaid, Amr and Eldawy, Ahmed and Elmagarmid, Ahmed and Ilyas, Ihab F. and Ouzzani, Mourad and Tang, Nan},
 title = {NADEEF: A Commodity Data Cleaning System},
  series = {SIGMOD '13},
 year = {2013},
 pages = {541--552},
 numpages = {12},
} 
%booktitle = {Proceedings of the International Conference on Management of Data},

@inproceedings{VADA17SIGMOD,
 author = {Konstantinou, Nikolaos and Koehler, Martin and Abel, Edward and Civili, Cristina and Neumayr, Bernd and Sallinger, Emanuel and Fernandes, Alvaro A.A. and Gottlob, Georg and Keane, John A. and Libkin, Leonid and Paton, Norman W.},
 title = {The VADA Architecture for Cost-Effective Data Wrangling},
 series = {SIGMOD '17},
 year = {2017},
 pages = {1599--1602},
 numpages = {4},
} 
%booktitle = {Proceedings of the International Conference on Management of Data},


@inproceedings{Katara15SIGMOD,
 author = {Chu, Xu and Morcos, John and Ilyas, Ihab F. and Ouzzani, Mourad and Papotti, Paolo and Tang, Nan and Ye, Yin},
 title = {KATARA: A Data Cleaning System Powered by Knowledge Bases and Crowdsourcing},
  series = {SIGMOD '15},
 year = {2015},
 pages = {1247--1261},
 numpages = {15},
} 
%booktitle = {Proceedings of the International Conference on Management of Data},

@inproceedings{Foofah17SIGMOD,
 author = {Jin, Zhongjun and Anderson, Michael R. and Cafarella, Michael and Jagadish, H. V.},
 title = {Foofah: A Programming-By-Example System for Synthesizing Data Transformation Programs},
  series = {SIGMOD '17},
 year = {2017},
 pages = {1607--1610},
 numpages = {4},
}
%booktitle = {Proceedings of the International Conference on Management of Data},

@inproceedings{Wrangler11CHI,
 author = {Kandel, Sean and Paepcke, Andreas and Hellerstein, Joseph and Heer, Jeffrey},
 title = {Wrangler: Interactive Visual Specification of Data Transformation Scripts},
 booktitle = {Proceedings of the ACM Conference on Human Factors in Computing Systems},
 series = {CHI '11},
 year = {2011},
 pages = {3363--3372},
 numpages = {10},
} 

@article{ActiveClean16PVLDB,
  author    = {Sanjay Krishnan and
               Jiannan Wang and
               Eugene Wu and
               Michael J. Franklin and
               Ken Goldberg},
  title     = {ActiveClean: Interactive Data Cleaning For Statistical Modeling},
  journal   = {{PVLDB}},
  volume    = {9},
  number    = {12},
  pages     = {948--959},
  year      = {2016}
}


@inproceedings{ContinuosDataCleaning14ICDE,
  author    = {Maksims Volkovs and
               Fei Chiang and
               Jaroslaw Szlichta and
               Ren{\'{e}}e J. Miller},
  title     = {Continuous data cleaning},
  booktitle = {Proceedings of the International Conference on Data Engineering, 2014},
  series = {ICDE '14},
  pages     = {244--255},
  year      = {2014},
}

@article{GDR11PVLDB,
  author    = {Mohamed Yakout and
               Ahmed K. Elmagarmid and
               Jennifer Neville and
               Mourad Ouzzani and
               Ihab F. Ilyas},
  title     = {Guided data repair},
  journal   = {{PVLDB}},
  volume    = {4},
  number    = {5},
  pages     = {279--289},
  year      = {2011},
}

@article{EditingRules12VLDB,
  author    = {Wenfei Fan and
               Jianzhong Li and
               Shuai Ma and
               Nan Tang and
               Wenyuan Yu},
  title     = {Towards certain fixes with editing rules and master data},
  journal   = {{VLDB} J.},
  volume    = {21},
  number    = {2},
  pages     = {213--238},
  year      = {2012},}
}

@book{BookExploratoryDM03Dasu,
 author = {Dasu, Tamraparni and Johnson, Theodore},
 title = {Exploratory Data Mining and Data Cleaning},
 year = {2003},
 isbn = {0471268518},
 edition = {1},
 publisher = {John Wiley \& Sons, Inc.},
 address = {New York, NY, USA},
} 

@book{BayesianOptimizationBook,
 author = {Archetti, Francesco and Candelieri, Antonio},
 title = {Bayesian Optimization and Data Science},
 year = {2019},
 isbn = {978-3-030-24493-4},
 edition = {1},
 publisher = {Springer International Publishing},
} 


@inproceedings{Thornton13AutoWeka,
 author = {Thornton, Chris and Hutter, Frank and Hoos, Holger H. and others},
 title = {Auto-WEKA: Combined Selection and Hyperparameter Optimization of Classification Algorithms},
 booktitle = {KDD},
 year = {2013},
 isbn = {978-1-4503-2174-7},
 pages = {847--855},
 numpages = {9},
} 

@inproceedings{Feurer15AutoSklearn,
  author    = {Matthias Feurer and
               Aaron Klein and
               Katharina Eggensperger and
               Jost Tobias Springenberg and
               Manuel Blum and
               Frank Hutter},
  title     = {Efficient and Robust Automated Machine Learning},
  series = {NeurIPS '15},
  pages     = {2962--2970},
  year      = {2015}
}
%booktitle = {Advances in Neural Information Processing Systems},

@inproceedings{Olson16Tpot,
  author    = {Randal S. Olson and
               Nathan Bartley and
               Ryan J. Urbanowicz and
               Jason H. Moore},
  title     = {Evaluation of a Tree-based Pipeline Optimization Tool for Automating
               Data Science},
  series = {GECCO '16},
  pages     = {485--492},
  year      = {2016}
}
  %booktitle = {Proceedings of the International Conference on Genetic and Evolutionary Computation Conference},


@inproceedings{Feurer15AAAI,
  author    = {Matthias Feurer and
               Jost Tobias Springenberg and
               Frank Hutter},
  title     = {Initializing Bayesian Hyperparameter Optimization via Meta-Learning},
  series    = {AAAI '15},
  pages     = {1128--1135},
  year      = {2015}
}
%  booktitle = {Proceedings of the Conference on Artificial Intelligence},

@inproceedings{HyperOptICML13,
author = {Bergstra, J. and Yamins, D. and Cox, D. D.},
title = {Making a Science of Model Search: Hyperparameter Optimization in Hundreds of Dimensions for Vision Architectures},
year = {2013},
pages = {115--23},
numpages = {9},
series = {ICML’13}
}
%booktitle = {Proceedings of the 30th International Conference on International Conference on Machine Learning - Volume 28},
  
@inproceedings{Nicolo18NIPS,
author = {Fusi, Nicolo and Sheth, Rishit and Elibol, Melih},
title = {Probabilistic Matrix Factorization for Automated Machine Learning},
year = {2018},
pages = {3352–3361},
numpages = {10},
series = {NeurIPS’18}
}
%booktitle = {Proceedings of the International Conference on Neural Information Processing Systems},


@article{Serban13survey,
  author    = {Floarea Serban and
               Joaquin Vanschoren and
               J{\"{o}}rg{-}Uwe Kietz and
               Abraham Bernstein},
  title     = {A survey of intelligent assistants for data analysis},
  journal   = {{ACM} Computing Surveys},
  volume    = {45},
  number    = {3},
  year      = {2013},
  pages     = {1--35},
}

@INPROCEEDINGS{automlSurvey19,
   author = {Marc-André Zöller and Marco F. Huber},
    title = "{Survey on Automated Machine Learning}",
     year = {2019},
   adsurl = {}
}

@article{zoller2019survey,
  title={Survey on automated machine learning},
  author={Z{\"o}ller, Marc-Andr{\'e} and Huber, Marco F},
  journal={arXiv preprint arXiv:1904.12054},
  volume={9},
  year={2019}
}

@inproceedings{hutter2010time,
  title={Time-bounded sequential parameter optimization},
  author={Hutter, Frank and Hoos, Holger H and Leyton-Brown, Kevin and Murphy, Kevin},
  booktitle={International Conference on Learning and Intelligent Optimization},
  pages={281--298},
  year={2010},
  organization={Springer}
}

@inproceedings{hutter2009experimental,
  title={An experimental investigation of model-based parameter optimisation: SPO and beyond},
  author={Hutter, Frank and Hoos, Holger H and Leyton-Brown, Kevin and Murphy, Kevin P},
  booktitle={Proceedings of the 11th Annual conference on Genetic and evolutionary computation},
  pages={271--278},
  year={2009}
}

@inproceedings{bartz2007experimental,
  title={Experimental research in evolutionary computation},
  author={Bartz-Beielstein, Thomas and Preuss, Mike},
  booktitle={Proceedings of the 9th annual conference companion on Genetic and evolutionary computation},
  pages={3001--3020},
  year={2007}
}

@inproceedings{bartz2005sequential,
  title={Sequential parameter optimization},
  author={Bartz-Beielstein, Thomas and Lasarczyk, Christian WG and Preu{\ss}, Mike},
  booktitle={2005 IEEE congress on evolutionary computation},
  volume={1},
  pages={773--780},
  year={2005},
  organization={IEEE}
}

@inproceedings{hutter2011sequential,
  title={Sequential model-based optimization for general algorithm configuration},
  author={Hutter, Frank and Hoos, Holger H and Leyton-Brown, Kevin},
  booktitle={International conference on learning and intelligent optimization},
  pages={507--523},
  year={2011},
  organization={Springer}
}

@inproceedings{snoeck2012NIPS,
  author    = {Jasper Snoek and
               Hugo Larochelle and
               Ryan P. Adams},
  title     = {Practical Bayesian Optimization of Machine Learning Algorithms},
  series = {NeurIPS '12},
  pages     = {2960--2968},
  year      = {2012},
}
%booktitle = {Advances in Neural Information Processing Systems 25},

@article{Wistuba2018ML,
  author    = {Martin Wistuba and
               Nicolas Schilling and
               Lars Schmidt{-}Thieme},
  title     = {Scalable Gaussian process-based transfer surrogates for hyperparameter
               optimization},
  journal   = {Mach. Learn.},
  volume    = {107},
  number    = {1},
  pages     = {43--78},
  year      = {2018},
}

@article{OpenML2013,
author = {Vanschoren, Joaquin and van Rijn, Jan N. and Bischl, Bernd and Torgo, Luis},
title = {OpenML: Networked Science in Machine Learning},
journal = {SIGKDD Explorations},
volume = {15},
number = {2},
year = {2013},
pages = {49--60},
}

@inproceedings{Giovanelli2021DOLAP,
  author    = {Joseph Giovanelli and
               Besim Bilalli and
               Alberto Abell{\'{o}}},
  editor    = {Kostas Stefanidis and
               Patrick Marcel},
  title     = {Effective data pre-processing for AutoML},
  booktitle = {Proceedings of the 23rd International Workshop on Design, Optimization,
               Languages and Analytical Processing of Big Data {(DOLAP)}},
  series    = {{CEUR} Workshop Proceedings},
  volume    = {2840},
  pages     = {1--10},
  publisher = {CEUR-WS.org},
  year      = {2021},
}

@article{ctree,
author = {Torsten Hothorn and Kurt Hornik and Achim Zeileis},
title = {Unbiased Recursive Partitioning: A Conditional Inference Framework},
journal = {Journal of Computational and Graphical Statistics},
volume = {15},
number = {3},
pages = {651-674},
year  = {2006},
publisher = {Taylor & Francis},
}

@inproceedings{Munoz09DOLAP,
author = {Mu\~{n}oz, Lilia and Maz\'{o}n, Jose-Norberto and Trujillo, Juan},
title = {Automatic Generation of ETL Processes from Conceptual Models},
year = {2009},
booktitle = {Proceedings of the ACM Twelfth International Workshop on Data Warehousing and OLAP},
pages = {33–40},
numpages = {8},
location = {Hong Kong, China},
series = {DOLAP '09}
}

@book{Vaisman14Book,
  author    = {Alejandro A. Vaisman and
               Esteban Zim{\'{a}}nyi},
  title     = {Data Warehouse Systems - Design and Implementation},
  series    = {Data-Centric Systems and Applications},
  publisher = {Springer},
  year      = {2014},
}

@inproceedings{Bilalli16IOTBD,
  author    = {Besim Bilalli and
               Alberto Abell{\'{o}} and
               Tom{\`{a}}s Aluja{-}Banet and
               Robert Wrembel},
  editor    = {Muthu Ramachandran and
               Gary B. Wills and
               Robert John Walters and
               V{\'{\i}}ctor M{\'{e}}ndez Mu{\~{n}}oz and
               Victor Chang},
  title     = {Towards Intelligent Data Analysis: The Metadata Challenge},
  booktitle = {Proceedings of the International Conference on Internet of Things
               and Big Data, IoTBD 2016, Rome, Italy, April 23-25, 2016},
  pages     = {331--338},
}

@article{mohr2018ml,
  title={ML-Plan: Automated machine learning via hierarchical planning},
  author={Mohr, Felix and Wever, Marcel and H{\"u}llermeier, Eyke},
  journal={Machine Learning},
  volume={107},
  number={8},
  pages={1495--1515},
  year={2018},
  publisher={Springer}
}

@inproceedings{chen2018autostacker,
  title={Autostacker: A compositional evolutionary learning system},
  author={Chen, Boyuan and Wu, Harvey and Mo, Warren and Chattopadhyay, Ishanu and Lipson, Hod},
  booktitle={Proceedings of the Genetic and Evolutionary Computation Conference},
  pages={402--409},
  year={2018}
}

@article{AutoBazaar,
  author    = {Micah J. Smith and
               Carles Sala and
               James Max Kanter and
               Kalyan Veeramachaneni},
  title     = {The Machine Learning Bazaar: Harnessing the {ML} Ecosystem for Effective
               System Development},
  journal   = {CoRR},
  volume    = {abs/1905.08942},
  year      = {2019},
  timestamp = {Wed, 29 May 2019 11:27:50 +0200},
  biburl    = {https://dblp.org/rec/journals/corr/abs-1905-08942.bib},
  bibsource = {dblp computer science bibliography, https://dblp.org}
}

@inproceedings{yang2019oboe,
  title={OBOE: Collaborative filtering for AutoML model selection},
  author={Yang, Chengrun and Akimoto, Yuji and Kim, Dae Won and Udell, Madeleine},
  booktitle={Proceedings of the 25th ACM SIGKDD International Conference on Knowledge Discovery \& Data Mining},
  pages={1173--1183},
  year={2019}
}

@book{Brazdil04Book,
  author    = {Pavel Brazdil and
               Christophe G. Giraud{-}Carrier and
               Carlos Soares and
               Ricardo Vilalta},
  title     = {Metalearning - Applications to Data Mining},
  series    = {Cognitive Technologies},
  publisher = {Springer},
  year      = {2009}
}

@article{elshawi2019automated,
  title={Automated machine learning: State-of-the-art and open challenges},
  author={Elshawi, Radwa and Maher, Mohamed and Sakr, Sherif},
  journal={arXiv preprint arXiv:1906.02287},
  year={2019}
}

@article{bergstra2012random,
  title={Random search for hyper-parameter optimization.},
  author={Bergstra, James and Bengio, Yoshua},
  journal={Journal of machine learning research},
  volume={13},
  number={2},
  year={2012}
}

@incollection{van1987simulated,
  title={Simulated annealing},
  author={Van Laarhoven, Peter JM and Aarts, Emile HL},
  booktitle={Simulated annealing: Theory and applications},
  pages={7--15},
  year={1987},
  publisher={Springer}
}

@incollection{kramer2017genetic,
  title={Genetic algorithms},
  author={Kramer, Oliver},
  booktitle={Genetic algorithm essentials},
  pages={11--19},
  year={2017},
  publisher={Springer}
}

@article{li2017hyperband,
  title={Hyperband: A novel bandit-based approach to hyperparameter optimization},
  author={Li, Lisha and Jamieson, Kevin and DeSalvo, Giulia and Rostamizadeh, Afshin and Talwalkar, Ameet},
  journal={The Journal of Machine Learning Research},
  volume={18},
  number={1},
  pages={6765--6816},
  year={2017},
  publisher={JMLR. org}
}

@book{montgomery2017design,
  title={Design and analysis of experiments},
  author={Montgomery, Douglas C},
  year={2017},
  publisher={John wiley \& sons}
}

@misc{mitchell1997machine,
  title={Machine learning},
  author={Mitchell, Tom M},
  year={1997}
}

@book{sutton2018reinforcement,
  title={Reinforcement learning: An introduction},
  author={Sutton, Richard S and Barto, Andrew G},
  year={2018},
  publisher={MIT press}
}
