@proceedings{aaai04,
  title     = {Proceedings of the Nineteenth National Conference on Artificial Intelligence ({AAAI}'04)},
  year      = 2004,
  booktitle = {Proceedings of the Nineteenth National Conference on Artificial Intelligence ({AAAI}'04)},
  publisher = {{AAAI} Press},
  editor    = {R. Holte and A. Howe}
}

@proceedings{aaai07,
  title     = {Proceedings of the Twenty-second {AAAI} Conference on Artificial Intelligence ({AAAI}'07)},
  year      = 2007,
  booktitle = {Proceedings of the Twenty-second {AAAI} Conference on Artificial Intelligence ({AAAI}'07)},
  publisher = {{AAAI} Press},
  editor    = {R. Holte and A. Howe}
}

@proceedings{aaai10,
  title     = {Proceedings of the Twenty-fourth {AAAI} Conference on Artificial Intelligence ({AAAI}'10)},
  year      = 2010,
  booktitle = {Proceedings of the Twenty-fourth {AAAI} Conference on Artificial Intelligence ({AAAI}'10)},
  publisher = {{AAAI} Press},
  editor    = {M. Fox and D. Poole}
}

@proceedings{aaai14,
  title     = {Proceedings of the Twenty-eighth {AAAI} Conference on Artificial Intelligence ({AAAI}'14)},
  year      = 2014,
  booktitle = {Proceedings of the Twenty-eighth {AAAI} Conference on Artificial Intelligence ({AAAI}'14)},
  publisher = {{AAAI} Press},
  editor    = {C. Brodley and P. Stone}
}

@proceedings{aaai15,
  title     = {Proceedings of the Twenty-ninth {AAAI} Conference on Artificial Intelligence ({AAAI}'15)},
  year      = 2015,
  booktitle = {Proceedings of the Twenty-ninth {AAAI} Conference on Artificial Intelligence ({AAAI}'15)},
  publisher = {{AAAI} Press},
  editor    = {B. Bonet and S. Koenig}
}

@proceedings{aaai16,
  title     = {Proceedings of the Thirtieth {AAAI} Conference on Artificial Intelligence ({AAAI}'16)},
  year      = 2016,
  booktitle = {Proceedings of the Thirtieth {AAAI} Conference on Artificial Intelligence ({AAAI}'16)},
  publisher = {{AAAI} Press},
  editor    = {D. Schuurmans and M. Wellman}
}

@proceedings{aaai17,
  title     = {Proceedings of the Thirty-First Conference on Artificial Intelligence ({AAAI}'17)},
  year      = 2017,
  booktitle = {Proceedings of the Thirty-First Conference on Artificial Intelligence ({AAAI}'17)},
  publisher = {{AAAI} Press},
  editor    = {S.Singh and S. Markovitch}
}

@proceedings{aaai18,
  title     = {Proceedings of the Thirty-Second Conference on Artificial Intelligence ({AAAI}'18)},
  year      = 2018,
  booktitle = {Proceedings of the Thirty-Second Conference on Artificial Intelligence ({AAAI}'18)},
  publisher = {{AAAI} Press},
  editor    = {S. McIlraith and K. Weinberger}
}

@proceedings{aaai19,
  title     = {Proceedings of the Thirty-Third Conference on Artificial Intelligence ({AAAI}'19)},
  year      = 2019,
  booktitle = {Proceedings of the Thirty-Third Conference on Artificial Intelligence ({AAAI}'19)},
  publisher = {{AAAI} Press},
  editor    = {P. Van Hentenryck and Z. Zhou}
}

@proceedings{aaai20,
  title        = {Proceedings of the Thirty-Fourth Conference on Artificial Intelligence ({AAAI}'20)},
  year         = 2020,
  booktitle    = {Proceedings of the Thirty-Fourth Conference on Artificial Intelligence ({AAAI}'20)},
  publisher    = {{AAAI} Press},
  editor       = {F. Rossi and V. Conitzer and F. Sha},
  organization = {Association for the Advancement of Artificial Intelligence}
}

@proceedings{aaai21,
  title        = {Proceedings of the Thirty-Fifth Conference on Artificial Intelligence ({AAAI}'21)},
  year         = 2021,
  booktitle    = {Proceedings of the Thirty-Fifth Conference on Artificial Intelligence ({AAAI}'21)},
  publisher    = {{AAAI} Press},
  editor       = {Q. Yang and K. Leyton-Brown and Mausam},
  organization = {Association for the Advancement of Artificial Intelligence}
}

@proceedings{aaai22,
  title        = {Proceedings of the Thirty-Sixth Conference on Artificial Intelligence ({AAAI}'22)},
  year         = 2022,
  booktitle    = {Proceedings of the Thirty-Sixth Conference on Artificial Intelligence ({AAAI}'22)},
  publisher    = {{AAAI} Press},
  editor       = {K. Sycara and V. Honavar and M. Spaan},
  organization = {Association for the Advancement of Artificial Intelligence}
}

@proceedings{aaai23,
  title        = {Proceedings of the Thirty-Seventh Conference on Artificial Intelligence ({AAAI}'23)},
  year         = 2023,
  booktitle    = {Proceedings of the Thirty-Seventh Conference on Artificial Intelligence ({AAAI}'23)},
  publisher    = {{AAAI} Press},
  editor       = {B. Williams and S. Bernardini and Y. Chen and J. Neville},
  organization = {Association for the Advancement of Artificial Intelligence}
}

@proceedings{aaai92,
  title     = {Proceedings of the 10th National Conference on Artificial Intelligence},
  year      = 1992,
  booktitle = {Proceedings of the 10th National Conference on Artificial Intelligence},
  publisher = aaaimit,
  editor    = {P. Rosenbloom and P. Szolovits}
}

@proceedings{aaai94,
  title     = {Proceedings of the 12th National Conference on Artificial Intelligence},
  year      = 1994,
  booktitle = {Proceedings of the 12th National Conference on Artificial Intelligence},
  publisher = {{AAAI} Press / The {MIT} Press},
  editor    = {B. Hayes{-}Roth and  R. Korf}
}

@proceedings{aaai97,
  title     = {Proceedings of the 15th National Conference on Artificial Intelligence},
  year      = 1997,
  booktitle = {Proceedings of the 15th National Conference on Artificial Intelligence},
  publisher = {{AAAI} Press / The {MIT} Press},
  editor    = {B. Kuipers and B. Webber}
}

@proceedings{aaaiws15,
  title        = {Proceedings of the Workshops at Twenty-ninth {AAAI} Conference on Artificial Intelligence ({AAAI}'15)},
  year         = 2015,
  booktitle    = {Proceedings of the Workshops at Twenty-ninth {AAAI} Conference on Artificial Intelligence ({AAAI}'15)},
  organization = {Association for the Advancement of Artificial Intelligence}
}

@proceedings{aaaiws21,
  title        = {Proceedings of the Workshops at Thirty-Fifth Conference on Artificial Intelligence ({AAAI}'21)},
  year         = 2021,
  booktitle    = {Proceedings of the Workshops at Thirty-Fifth Conference on Artificial Intelligence ({AAAI}'21)},
  publisher    = {{AAAI} Press},
  organization = {Association for the Advancement of Artificial Intelligence}
}

@proceedings{aajcai19,
  title     = {AI 2019: Advances in artificial intelligence: Proceedings of the 32nd Australasian Joint Conference on Artificial Intelligence 2019},
  year      = 2019,
  booktitle = {AI 2019: Advances in artificial intelligence: Proceedings of the 32nd Australasian Joint Conference on Artificial Intelligence 2019},
  publisher = {Springer},
  editor    = {J. Liu and J. Bailey}
}

@proceedings{acl17,
  title     = {Proceedings of the 55th Annual Meeting of the Association for Computational Linguistics (Volume 2: Short Papers)},
  year      = 2017,
  booktitle = {Proceedings of the 55th Annual Meeting of the Association for Computational Linguistics (Volume 2: Short Papers)},
  publisher = {Association for Computational Linguistics},
  editor    = {R. Barzilay and M.-Y. Kan}
}

@proceedings{acl19,
  title     = {Proceedings of the 2019 Conference of the North {A}merican Chapter of the Association for Computational Linguistics: Human Language Technologies},
  year      = 2019,
  booktitle = {Proceedings of the 2019 Conference of the North {A}merican Chapter of the Association for Computational Linguistics: Human Language Technologies},
  publisher = {Association for Computational Linguistics},
  editor    = {J. Burstein and C. Doran and T. Solorio}
}

@proceedings{acl21,
  title     = {Proceedings of the 2021 Conference of the North {A}merican Chapter of the Association for Computational Linguistics: Human Language Technologies},
  year      = 2021,
  booktitle = {Proceedings of the 2021 Conference of the North {A}merican Chapter of the Association for Computational Linguistics: Human Language Technologies},
  publisher = {Association for Computational Linguistics},
  editor    = {A. Nenkova and B. Roark, H. T. Ng}
}

@proceedings{acml20,
  title     = {Proceedings of the 12th Asian Conference on Machine Learning ({ACML}'20)},
  year      = 2020,
  booktitle = {Proceedings of the 12th Asian Conference on Machine Learning ({ACML}'20)},
  publisher = {PMLR},
  editor    = {S. Pan and M. Sugiyama}
}

@proceedings{acml21,
  title     = {Proceedings of the 13th Asian Conference on Machine Learning ({ACML}'21)},
  year      = 2021,
  booktitle = {Proceedings of the 13th Asian Conference on Machine Learning ({ACML})'21},
  publisher = {PMLR},
  volume    = 157,
  editor    = {V. Balasubramanian and I. Tsang}
}

@proceedings{aics08,
  title     = {Proceedings of the Nineteenth Irish Conference on Artificial Intelligence and Cognitive Science ({AICS}'08)},
  year      = 2008,
  booktitle = {Proceedings of the Nineteenth Irish Conference on Artificial Intelligence and Cognitive Science ({AICS}'08)},
  editor    = {D. Bridge and K. Brown and B. O'Sullivan and H. Sorensen}
}

@proceedings{ail21,
  title     = {Proceedings of the Workshop on Interactive Adaptive Learning ({AILS}'21)},
  year      = 2021,
  booktitle = {Proceedings of the Workshop on Interactive Adaptive Learning ({AILS}'21)},
  editor    = {G. Krempl and V. Lemaire and D. Kottke and A. Holzinger and B. Hammer}
}

@proceedings{aips02,
  title     = {Proceedings of the Sixth International Conference on Artificial Intelligence ({AIPS})},
  year      = 2002,
  booktitle = {Proceedings of the Sixth International Conference on Artificial Intelligence ({AIPS})},
  publisher = {{AAAI} Press / The {MIT} Pres},
  editor    = {M. Ghallab and J. Hertzberg and P. Traverso}
}

@proceedings{aips98,
  title     = {Proceedings of the Fourth International Conference on Artificial Intelligence ({AIPS})},
  year      = 1998,
  booktitle = {Proceedings of the Fourth International Conference on Artificial Intelligence ({AIPS})},
  publisher = {{AAAI} Press / The {MIT} Pres},
  editor    = {R. Simmons and M. Veloso and S. Smith}
}

@proceedings{aistats09,
  title     = {Proceedings of the Fourteenth International Conference on Artificial Intelligence and Statistics ({AISTATS}'09)},
  year      = 2009,
  booktitle = {Proceedings of the Fourteenth International Conference on Artificial Intelligence and Statistics ({AISTATS}'09)},
  publisher = {Proceedings of Machine Learning Research},
  editor    = {D. Van Dyk and M. Welling}
}

@proceedings{aistats11,
  title     = {Proceedings of the Fourteenth International Conference on Artificial Intelligence and Statistics ({AISTATS}'11)},
  year      = 2011,
  booktitle = {Proceedings of the Fourteenth International Conference on Artificial Intelligence and Statistics ({AISTATS}'11)},
  publisher = {Proceedings of Machine Learning Research},
  volume    = 15,
  editor    = {G. Gordon and D. Dunson and M. Dudík}
}

@proceedings{aistats14,
  title     = {Proceedings of the Seventeenth International Conference on Artificial Intelligence and Statistics ({AISTATS}'14)},
  year      = 2014,
  booktitle = {Proceedings of the Seventeenth International Conference on Artificial Intelligence and Statistics ({AISTATS}'14)},
  publisher = {Proceedings of Machine Learning Research},
  volume    = 33,
  editor    = {S. Kaski and J. Corander}
}

@proceedings{aistats16,
  title     = {Proceedings of the Seventeenth International Conference on Artificial Intelligence and Statistics ({AISTATS}'16)},
  year      = 2016,
  booktitle = {Proceedings of the Seventeenth International Conference on Artificial Intelligence and Statistics ({AISTATS}'16)},
  publisher = {Proceedings of Machine Learning Research},
  volume    = 51,
  editor    = {A. Gretton and C. Robert}
}

@proceedings{aistats17,
  title     = {Proceedings of the Seventeenth International Conference on Artificial Intelligence and Statistics ({AISTATS}'17)},
  year      = 2017,
  booktitle = {Proceedings of the Seventeenth International Conference on Artificial Intelligence and Statistics ({AISTATS}'17)},
  publisher = {Proceedings of Machine Learning Research},
  volume    = 54,
  editor    = {A. Singh and J. Zhu}
}

@proceedings{aistats18,
  title     = {Proceedings of the 21st International Conference on Artificial Intelligence and Statistics ({AISTATS}'18)},
  year      = 2018,
  booktitle = {Proceedings of the 21st International Conference on Artificial Intelligence and Statistics ({AISTATS}'18)},
  publisher = {Proceedings of Machine Learning Research},
  volume    = 84,
  editor    = {A. Storkey and F Perez-Cruz}
}

@proceedings{aistats19,
  title     = {Proceedings of the 22nd International Conference on Artificial Intelligence and Statistics ({AISTATS}'19)},
  year      = 2019,
  booktitle = {Proceedings of the 22nd International Conference on Artificial Intelligence and Statistics ({AISTATS}'19)},
  publisher = {Proceedings of Machine Learning Research},
  editor    = {K. Chaudhuri and M. Sugiyama}
}

@proceedings{aistats20,
  title     = {Proceedings of the 23rd International Conference on Artificial Intelligence and Statistics ({AISTATS}'20)},
  year      = 2020,
  booktitle = {Proceedings of the 23rd International Conference on Artificial Intelligence and Statistics ({AISTATS}'20)},
  publisher = {Proceedings of Machine Learning Research},
  editor    = {S. Chiappa and R. Calandra}
}

@proceedings{aistats21,
  title     = {Proceedings of the 24th International Conference on Artificial Intelligence and Statistics ({AISTATS}'21)},
  year      = 2021,
  booktitle = {Proceedings of the 24th International Conference on Artificial Intelligence and Statistics ({AISTATS}'21)},
  publisher = {Proceedings of Machine Learning Research},
  editor    = {A. Banerjee and K. Fukumizu}
}

@proceedings{ants10,
  title     = {Proceedings of the Seventh International Conference on Swarm Intelligence ({ANTS}'10)},
  year      = 2010,
  booktitle = {Proceedings of the Seventh International Conference on Swarm Intelligence ({ANTS}'10)},
  publisher = springer,
  series    = lncs,
  editor    = {M. Dorigo and M- Birattari and G. Di Caro and R. Doursat and A. Petrus Engelbrecht and D. Floreano and L. Gambardella and R. Gro{\ss} and E. Sahin and H. Sayama and T. St{\"{u}}tzle}
}

@book{as12,
  title     = {Autonomous Search},
  year      = 2012,
  booktitle = {Autonomous Search},
  publisher = {Springer},
  editor    = {Y. Hamadi and E. Monfroy and F. Saubion}
}

@proceedings{asc20,
  title     = {Applied Soft Computing},
  year      = 2020,
  booktitle = {Applied Soft Computing},
  editor    = {Mario K{\"o}ppen}
}

@proceedings{ase15,
  title     = {Proceedings of the 30th {IEEE}/{ACM} International Conference on Automated Software Engineering ({ASE})},
  year      = 2015,
  booktitle = {Proceedings of the 30th {IEEE}/{ACM} International Conference on Automated Software Engineering ({ASE})},
  publisher = {{IEEE}},
  editor    = {M. Cohen and L. Grunske and M. Whalen}
}

@proceedings{ase19,
  title     = {Proceedings of the 34th {IEEE}/{ACM} International Conference on Automated Software Engineering ({ASE})},
  year      = 2019,
  booktitle = {Proceedings of the 34th {IEEE}/{ACM} International Conference on Automated Software Engineering ({ASE})},
  publisher = {{IEEE}}
}

@proceedings{autodiff17,
  title     = {{N}eur{IPS} Autodiff Workshop},
  year      = 2017,
  booktitle = {{N}eur{IPS} Autodiff Workshop},
  editor    = {A. Wiltschko and B. {van Merriënboer} and P. Lamblin}
}

@proceedings{automl14,
  title     = {{ICML} workshop on Automated Machine Learning (Auto{ML} workshop 2014)},
  year      = 2014,
  booktitle = {{ICML} workshop on Automated Machine Learning (Auto{ML} workshop 2014)},
  editor    = {F. Hutter and R. Caruana and R. Bardenet and M. Bilenko and I. Guyon and B. Kégl and H. Larochelle}
}

@proceedings{automl16,
  title     = {{ICML} workshop on Automated Machine Learning (Auto{ML} workshop 2016)},
  year      = 2016,
  booktitle = {{ICML} workshop on Automated Machine Learning (Auto{ML} workshop 2016)},
  publisher = {PMLR},
  volume    = 64,
  editor    = {F. Hutter and L. Kotthoff and J. Vanschoren}
}

@proceedings{automl17,
  title     = {{ICML} workshop on Automated Machine Learning ({Auto{ML}} workshop 2017)},
  year      = 2017,
  booktitle = {{ICML} workshop on Automated Machine Learning ({Auto{ML}} workshop 2017)},
  editor    = {J. Vanschoren and R. Garnett}
}

@proceedings{automl18,
  title     = {{ICML} workshop on Automated Machine Learning ({Auto{ML}} workshop 2018)},
  year      = 2018,
  booktitle = {{ICML} workshop on Automated Machine Learning ({Auto{ML}} workshop 2018)},
  editor    = {R. Garnett and F. Hutter and J. Vanschoren and P. Brazdil and R. Caruana and C. Giraud-Carrier and I. Guyon and B. Kégl}
}

@proceedings{automl19,
  title     = {{ICML} workshop on Automated Machine Learning (Auto{ML} workshop 2019)},
  year      = 2019,
  booktitle = {{ICML} workshop on Automated Machine Learning (Auto{ML} workshop 2019)},
  editor    = {K. Eggensperger and M. Feurer and F. Hutter and J. Vanschoren}
}

@proceedings{automl20,
  title     = {{ICML} workshop on Automated Machine Learning (Auto{ML} workshop 2020)},
  year      = 2020,
  booktitle = {{ICML} workshop on Automated Machine Learning (Auto{ML} workshop 2020)},
  editor    = {K. Eggensperger and M. Feurer and C. Weill and M.Lindauer and F. Hutter and J. Vanschoren}
}

@proceedings{automl21,
  title     = {{ICML} workshop on Automated Machine Learning (Auto{ML} workshop 2021)},
  year      = 2021,
  booktitle = {{ICML} workshop on Automated Machine Learning (Auto{ML} workshop 2021)},
  editor    = {K. Eggensperger and F. Hutter and E. LeDell and M. Lindauer and G. Shala and J. Vanschoren and C. White}
}

@proceedings{automlconf22,
  title     = {Proceedings of the First International Conference on Automated Machine Learning},
  year      = 2022,
  booktitle = {Proceedings of the First International Conference on Automated Machine Learning},
  publisher = {Proceedings of Machine Learning Research},
  editor    = {I. Guyon and M. Lindauer and M. van der Schaar and F. Hutter and R. Garnett}
}

@proceedings{automlconf23,
  title     = {Proceedings of the Second International Conference on Automated Machine Learning},
  year      = 2023,
  booktitle = {Proceedings of the Second International Conference on Automated Machine Learning},
  publisher = {Proceedings of Machine Learning Research},
  editor    = {A. Faust and C. White and F. Hutter and R. Garnett and J. Gardner}
}

@proceedings{bayesopt11,
  title     = {{NeurIPS} Workshop on {B}ayesian Optimization in Theory and Practice (BayesOpt'11)},
  year      = 2011,
  booktitle = {{NeurIPS} Workshop on {B}ayesian Optimization in Theory and Practice (BayesOpt'11)},
  editor    = {N. {de Freitas} and R. Garnett and F. Hutter and M. Osborne}
}

@proceedings{bayesopt13,
  title     = {{NeurIPS} Workshop on {B}ayesian Optimization in Theory and Practice (BayesOpt'13)},
  year      = 2013,
  booktitle = {{NeurIPS} Workshop on {B}ayesian Optimization in Theory and Practice (BayesOpt'13)},
  editor    = {M. Hoffman and J. Snoek and N. {de Freitas} and M. Osborne}
}

@proceedings{bayesopt15,
  title     = {{NeurIPS} Workshop on {B}ayesian Optimization in Theory and Practice (BayesOpt'15)},
  year      = 2015,
  booktitle = {{NeurIPS} Workshop on {B}ayesian Optimization in Theory and Practice (BayesOpt'15)},
  editor    = {N. {de Freitas} and R. Adams and B. Shahriari and R. Calandra and A. Shah}
}

@proceedings{bayesopt16,
  title     = {{N}eur{IPS} Workshop on {B}ayesian Optimization: Black-box Optimization and Beyond},
  year      = 2016,
  booktitle = {{N}eur{IPS} Workshop on {B}ayesian Optimization: Black-box Optimization and Beyond},
  editor    = {R. Calandra and B. Shahriari and J. Gonzalez and F. Hutter and R. Adams}
}

@proceedings{bayesopt17,
  title     = {{N}eur{IPS} 2017 {B}ayesian Optimization Workshop: Bayesian optimization for science and engineering},
  year      = 2017,
  booktitle = {{N}eur{IPS} 2017 {B}ayesian Optimization Workshop: Bayesian optimization for science and engineering},
  editor    = {J. Hernández-Lobato and J. Gonzalez and R. Martinez-Cantin}
}

@proceedings{benelearn04,
  title     = {Proceedings of the sixteenth {Belgian}-{Dutch} {Conference} on {Artificial} {Intelligence}},
  year      = 2004,
  booktitle = {Proceedings of the sixteenth {Belgian}-{Dutch} {Conference} on {Artificial} {Intelligence}},
  editor    = {A. Nowé, T. Lenaerts and K. Steenhaut}
}

@proceedings{bigdata17,
  title        = {2017 {IEEE} {I}nternational {C}onference on {B}ig {D}ata},
  year         = 2017,
  booktitle    = {2017 {IEEE} {I}nternational {C}onference on {B}ig {D}ata},
  publisher    = ieee,
  organization = {IEEE Computer Society}
}

@proceedings{bigdata20,
  title        = {2020 {IEEE} {I}nternational {C}onference on {B}ig {D}ata},
  year         = 2020,
  booktitle    = {2020 {IEEE} {I}nternational {C}onference on {B}ig {D}ata},
  publisher    = ieee,
  organization = {IEEE Computer Society}
}

@proceedings{bigdataservice21,
  title     = {Seventh {IEEE} International Conference on Big Data Computing Service and Applications},
  year      = 2021,
  booktitle = {Seventh {IEEE} International Conference on Big Data Computing Service and Applications},
  publisher = ieee
}

@proceedings{bigmine15,
  title     = {Proceedings of the 4th International Workshop on Big Data, Streams and Heterogeneous Source Mining (BigMine)},
  year      = 2015,
  booktitle = {Proceedings of the 4th International Workshop on Big Data, Streams and Heterogeneous Source Mining (BigMine)},
  publisher = {{JMLR}.org},
  series    = {{JMLR} Workshop and Conference proceedings},
  volume    = 41
}

@proceedings{bmvc16,
  title     = {Proceedings of the 27th British Machine Vision Conference (BMVC)},
  year      = 2016,
  booktitle = {Proceedings of the 27th British Machine Vision Conference (BMVC)},
  publisher = {BMVA Press},
  doi       = {10.5244/C.30.87},
  isbn      = {1-901725-59-6},
  url       = {https://dx.doi.org/10.5244/C.30.87},
  editor    = {Richard C. Wilson, Edwin R. Hancock and William A. P. Smith}
}

@proceedings{bmvc18,
  title     = {Proceedings of the 29th British Machine Vision Conference (BMVC)},
  year      = 2018,
  booktitle = {Proceedings of the 29th British Machine Vision Conference (BMVC)},
  editor    = {H. Shum and T. Hospedales}
}

@proceedings{bracis16,
  title     = {2016 5th {Brazilian} {Conference} on {Intelligent} {Systems}},
  year      = 2016,
  booktitle = {2016 5th {Brazilian} {Conference} on {Intelligent} {Systems}},
  publisher = ieee
}

@proceedings{bracis20,
  title     = {2020 9th {Brazilian} {Conference} on {Intelligent} {Systems}},
  year      = 2020,
  booktitle = {2020 9th {Brazilian} {Conference} on {Intelligent} {Systems}},
  publisher = ieee
}

@proceedings{cav07,
  title     = {Proceedings of the 19th International Conference on Computer Aided Verification ({CAV})},
  year      = 2007,
  publisher = springer,
  series    = lncs,
  volume    = 4590,
  editor    = {W. Damm and H. Hermanns}
}

@proceedings{cec02,
  title        = {Proceedings of the {IEEE} Congress on Evolutionary Computation, {{CEC}'02}},
  year         = 2002,
  booktitle    = {Proceedings of the {IEEE} Congress on Evolutionary Computation, {{CEC}'02}},
  publisher    = ieee,
  organization = ieeecis
}

@proceedings{cec04,
  title        = {Proceedings of the {IEEE} Congress on Evolutionary Computation, {{CEC}'04}},
  year         = 2004,
  booktitle    = {Proceedings of the {IEEE} Congress on Evolutionary Computation, {{CEC}'04}},
  publisher    = ieee,
  organization = ieeecis
}

@proceedings{cec05,
  title        = {Proceedings of the {IEEE} Congress on Evolutionary Computation, {{CEC}'05}},
  year         = 2005,
  booktitle    = {Proceedings of the {IEEE} Congress on Evolutionary Computation, {{CEC}'05}},
  publisher    = ieee,
  organization = ieeecis
}

@proceedings{cec08,
  title        = {Proceedings of the {IEEE} Congress on Evolutionary Computation, {{CEC}'08}},
  year         = 2008,
  booktitle    = {Proceedings of the {IEEE} Congress on Evolutionary Computation, {{CEC}'08}},
  publisher    = ieee,
  organization = ieeecis
}

@proceedings{cec11,
  title        = {Proceedings of the {IEEE} Congress on Evolutionary Computation ({CEC}'11)},
  year         = 2011,
  booktitle    = {Proceedings of the {IEEE} Congress on Evolutionary Computation ({CEC}'11)},
  publisher    = ieee,
  organization = ieeecis
}

@proceedings{cec12,
  title        = {Proceedings of the {IEEE} Congress on Evolutionary Computation ({CEC}'12)},
  year         = 2012,
  booktitle    = {Proceedings of the {IEEE} Congress on Evolutionary Computation ({CEC}'12)},
  publisher    = ieee,
  organization = ieeecis
}

@proceedings{cec16,
  title     = {Proceedings of the {IEEE} Congress on Evolutionary Computation ({CEC}'16)},
  year      = 2016,
  booktitle = {Proceedings of the {IEEE} Congress on Evolutionary Computation ({CEC}'16)}
}

@proceedings{cec18,
  title        = {Proceedings of the {IEEE} Congress on Evolutionary Computation ({CEC}'18)},
  year         = 2018,
  booktitle    = {Proceedings of the {IEEE} Congress on Evolutionary Computation ({CEC}'18)},
  organization = ieee
}

@proceedings{cec22,
  title        = {Proceedings of the {IEEE} Congress on Evolutionary Computation ({CEC}'22)},
  year         = 2022,
  booktitle    = {Proceedings of the {IEEE} Congress on Evolutionary Computation ({CEC}'22)},
  publisher    = ieee,
  organization = ieeecis
}

@proceedings{cec94,
  title     = {Proceedings of the {IEEE} Congress on Evolutionary Computation, {{CEC}'94}},
  year      = 1994,
  booktitle = {Proceedings of the {IEEE} Congress on Evolutionary Computation, {{CEC}'94}},
  publisher = ieee
}

@proceedings{cec96,
  title        = {Proceedings of the {IEEE} Congress on Evolutionary Computation, {{CEC}'96}},
  year         = 1996,
  booktitle    = {Proceedings of the {IEEE} Congress on Evolutionary Computation, {{CEC}'96}},
  publisher    = ieee,
  organization = ieeecis
}

@proceedings{ciarp2009,
  title      = {Progress in Pattern Recognition, Image Analysis, Computer Vision, and Applications},
  year       = 2009,
  booktitle  = {Progress in Pattern Recognition, Image Analysis, Computer Vision, and Applications},
  editor     = {Bayro-Corrochano, Eduardo and Eklundh, Jan-Olof},
  conference = {14th Iberoamerican Conference on Pattern Recognition ({CIARP})}
}

@proceedings{cocomile12,
  title     = {Proceedings of the First Workshop on Combining Constraint Solving with Mining and Learning ({CoCoMile}'12)},
  year      = 2012,
  booktitle = {Proceedings of the First Workshop on Combining Constraint Solving with Mining and Learning ({CoCoMile}'12)},
  editor    = {R. Coletta and T. Guns and B. O'Sullivan and A. Passerini and G. Tack}
}

@proceedings{cogsci17,
  title     = {Proceedings of the 39th Annual Meeting of the Cognitive Science Society},
  year      = 2017,
  booktitle = {Proceedings of the 39th Annual Meeting of the Cognitive Science Society},
  publisher = {cognitivesciencesociety.org},
  editor    = {G. Gunzelmann and A. Howes and T. Tenbrink and E. Davelaar}
}

@proceedings{corl17,
  title     = {Proceedings of the 1st Annual Conference on Robot Learning (Co{RL}'17)},
  year      = 2017,
  booktitle = {Proceedings of the 1st Annual Conference on Robot Learning (Co{RL}'17)},
  publisher = {{PMLR}},
  volume    = 78,
  editor    = {S. Levine and V. Vanhoucke and K. Goldberg}
}

@proceedings{corl18,
  title     = {Proceedings of the 2nd Annual Conference on Robot Learning (Co{RL}'18)},
  year      = 2018,
  booktitle = {Proceedings of the 2nd Annual Conference on Robot Learning (Co{RL}'18)},
  publisher = {{PMLR}},
  volume    = 87,
  editor    = {A. Billard and A. Dragan and J. Peters and J. Morimoto}
}

@proceedings{corl19,
  title     = {Proceedings of the 3rd Annual Conference on Robot Learning (Co{RL}'19)},
  year      = 2019,
  booktitle = {Proceedings of the 3rd Annual Conference on Robot Learning (Co{RL}'19)},
  publisher = {{PMLR}},
  volume    = 100,
  editor    = {L. Pack Kaelbling and D. Kragic and K. Sugiura}
}

@proceedings{corl20,
  title     = {Proceedings of the 4th Annual Conference on Robot Learning (Co{RL}'20)},
  year      = 2020,
  booktitle = {Proceedings of the 4th Annual Conference on Robot Learning (Co{RL}'20)},
  publisher = {{PMLR}},
  volume    = 155,
  editor    = {J. Kober and F. Ramos and C. Tomlin}
}

@proceedings{cp02,
  title     = {Proceedings of the international conference on Principles and Practice of Constraint Programming},
  year      = 2002,
  booktitle = {Proceedings of the international conference on Principles and Practice of Constraint Programming},
  publisher = springer,
  series    = lncs,
  volume    = 2470,
  editor    = {P. Van Hentenryck}
}

@proceedings{cp04,
  title     = {Proceedings of the 10th International Conference on Principles and Practice of Constraint Programming ({CP}'04)},
  year      = 2004,
  booktitle = {Proceedings of the 10th International Conference on Principles and Practice of Constraint Programming ({CP}'04)},
  publisher = springer,
  series    = lncs,
  volume    = 3258,
  editor    = {M. Wallace}
}

@proceedings{cp06,
  title     = {Proceedings of the Twelfth International Conference on Principles and Practice of Constraint Programming ({CP}'06)},
  year      = 2006,
  booktitle = {Proceedings of the Twelfth International Conference on Principles and Practice of Constraint Programming ({CP}'06)},
  publisher = springer,
  series    = lncs,
  volume    = 4204,
  editor    = {F. Benhamou}
}

@proceedings{cp07,
  title     = {Proceedings of the Thirteenth International Conference on Principles and Practice of Constraint Programming ({CP}'07)},
  year      = 2007,
  publisher = springer,
  series    = lncs,
  volume    = 4741,
  editor    = {C. Bessiere}
}

@proceedings{cp09,
  title     = {Proceedings of the Fifteenth International Conference on Principles and Practice of Constraint Programming ({CP}'09)},
  year      = 2009,
  booktitle = {Proceedings of the Fifteenth International Conference on Principles and Practice of Constraint Programming ({CP}'09)},
  publisher = springer,
  series    = lncs,
  volume    = 5732,
  editor    = {I. Gent}
}

@proceedings{cp10,
  title     = {Proceedings of the Sixteenth International Conference on Principles and Practice of Constraint Programming ({CP}'10)},
  year      = 2010,
  publisher = springer,
  series    = lncs,
  volume    = 6308,
  editor    = {D. Cohen}
}

@proceedings{cp11,
  title     = {Proceedings of the Seventeenth International Conference on Principles and Practice of Constraint Programming ({CP}'11)},
  year      = 2011,
  booktitle = {Proceedings of the Seventeenth International Conference on Principles and Practice of Constraint Programming ({CP}'11)},
  publisher = springer,
  series    = lncs,
  volume    = 6876,
  editor    = {J. Lee}
}

@proceedings{cp12,
  title     = {Proceedings of the Eighteenth International Conference on Principles and Practice of Constraint Programming ({CP}'12)},
  year      = 2012,
  booktitle = {Proceedings of the Eighteenth International Conference on Principles and Practice of Constraint Programming ({CP}'12)},
  publisher = springer,
  series    = lncs,
  volume    = 7514,
  editor    = {M. Milano}
}

@proceedings{cpaior10,
  title     = {Proceedings of the Seventh International Conference on Integration of {AI} and {OR} Techniques in Constraint Programming ({CPAIOR}'10)},
  year      = 2010,
  booktitle = {Proceedings of the Seventh International Conference on Integration of {AI} and {OR} Techniques in Constraint Programming ({CPAIOR}'10)},
  publisher = springer,
  series    = lncs,
  volume    = 6140,
  editor    = {A. Lodi and M. Milano and P. Toth}
}

@proceedings{cpaior14,
  title     = {Proceedings of the Eleventh International Conference on Integration of {AI} and {OR} Techniques in Constraint Programming ({CPAIOR}'14)},
  year      = 2014,
  booktitle = {Proceedings of the Eleventh International Conference on Integration of {AI} and {OR} Techniques in Constraint Programming ({CPAIOR}'14)},
  publisher = springer,
  series    = lncs,
  volume    = 8451,
  editor    = {H. Simonis}
}

@proceedings{csur22,
  title     = {ACM Computing Surveys {CSUR} '22},
  year      = 2021,
  booktitle = {ACM Computing Surveys {CSUR} '22},
  publisher = {Association for Computing Machinery},
  editor    = {A. Zomaya}
}

@proceedings{cvpr06,
  title        = {Proceedings of the International Conference on Computer Vision and Pattern Recognition ({CVPR}'06)},
  year         = 2006,
  booktitle    = {Proceedings of the International Conference on Computer Vision and Pattern Recognition ({CVPR}'06)},
  publisher    = ieee,
  organization = {ieeecs}
}

@proceedings{cvpr09,
  title        = {Proceedings of the International Conference on Computer Vision and Pattern Recognition ({CVPR}'09)},
  year         = 2009,
  booktitle    = {Proceedings of the International Conference on Computer Vision and Pattern Recognition ({CVPR}'09)},
  publisher    = ieee,
  organization = {ieeecs}
}

@proceedings{cvpr14,
  title        = {Proceedings of the International Conference on Computer Vision and Pattern Recognition ({CVPR}'14)},
  year         = 2014,
  booktitle    = {Proceedings of the International Conference on Computer Vision and Pattern Recognition ({CVPR}'14)},
  publisher    = ieee,
  organization = cvfandieee
}

@proceedings{cvpr16,
  title        = {Proceedings of the International Conference on Computer Vision and Pattern Recognition ({CVPR}'16)},
  year         = 2016,
  booktitle    = {Proceedings of the International Conference on Computer Vision and Pattern Recognition ({CVPR}'16)},
  publisher    = ieee,
  organization = cvfandieee
}

@proceedings{cvpr17,
  title        = {Proceedings of the International Conference on Computer Vision and Pattern Recognition ({CVPR}'17)},
  year         = 2017,
  booktitle    = {Proceedings of the International Conference on Computer Vision and Pattern Recognition ({CVPR}'17)},
  publisher    = ieee,
  organization = cvfandieee
}

@proceedings{cvpr18,
  title        = {Proceedings of the International Conference on Computer Vision and Pattern Recognition ({CVPR}'18)},
  year         = 2018,
  booktitle    = {Proceedings of the International Conference on Computer Vision and Pattern Recognition ({CVPR}'18)},
  publisher    = ieee,
  organization = cvfandieee
}

@proceedings{cvpr19,
  title        = {Proceedings of the International Conference on Computer Vision and Pattern Recognition ({CVPR}'19)},
  year         = 2019,
  booktitle    = {Proceedings of the International Conference on Computer Vision and Pattern Recognition ({CVPR}'19)},
  publisher    = ieee,
  organization = cvfandieee
}

@proceedings{cvpr20,
  title        = {Proceedings of the International Conference on Computer Vision and Pattern Recognition ({CVPR}'20)},
  year         = 2020,
  booktitle    = {Proceedings of the International Conference on Computer Vision and Pattern Recognition ({CVPR}'20)},
  publisher    = ieee,
  organization = cvfandieee
}

@proceedings{cvpr21,
  title        = {Proceedings of the International Conference on Computer Vision and Pattern Recognition ({CVPR}'21)},
  year         = 2021,
  booktitle    = {Proceedings of the International Conference on Computer Vision and Pattern Recognition ({CVPR}'21)},
  publisher    = ieee,
  organization = cvfandieee
}

@proceedings{cvpr22,
  title        = {Proceedings of the International Conference on Computer Vision and Pattern Recognition ({CVPR}'22)},
  year         = 2022,
  booktitle    = {Proceedings of the International Conference on Computer Vision and Pattern Recognition ({CVPR}'22)},
  publisher    = ieee,
  organization = cvfandieee
}

@proceedings{dcai08,
  title     = {International Symposium on Distributed Computing and Artificial Intelligence ({DCAI}'08)},
  year      = 2009,
  publisher = springer,
  series    = {Advances in Soft Computing},
  volume    = 50,
  editor    = {J. Corchado and S. Rodr{\'{\i}}guez and J. Llinas and J. Molina}
}

@proceedings{dl11,
  title     = {{NeurIPS} Workshop on Deep Learning and Unsupervised Feature Learning 2011},
  year      = 2011,
  booktitle = {{NeurIPS} Workshop on Deep Learning and Unsupervised Feature Learning 2011}
}

@proceedings{dmkd21,
  title     = {Data Mining and Knowledge Discovery ({DMKD}'21)},
  year      = 2021,
  publisher = springer,
  series    = {Advances in Soft Computing},
  volume    = 35,
  editor    = {J. F\"urnkranz}
}

@proceedings{ds20,
  title     = {Discovery Science ({DS})},
  year      = 2020,
  booktitle = {Discovery Science ({DS})},
  publisher = {{Springer}},
  series    = {Lecture Notes in Computer Science},
  volume    = 12323,
  editor    = {A. Appice and G. Tsoumakas and Y. Manolopoulos and S. Matwin}
}

@proceedings{dsaa15,
  title        = {Proceedings of the International Conference on Data Science and Advanced Analytics ({DSAA})},
  year         = 2015,
  booktitle    = {Proceedings of the International Conference on Data Science and Advanced Analytics ({DSAA})},
  publisher    = {{IEEE}},
  organization = ieeecis
}

@proceedings{dsaa16,
  title        = {Proceedings of the International Conference on Data Science and Advanced Analytics ({DSAA})},
  year         = 2016,
  booktitle    = {Proceedings of the International Conference on Data Science and Advanced Analytics ({DSAA})},
  publisher    = {{IEEE}},
  organization = ieeecis
}

@proceedings{dsaa19,
  title        = {Proceedings of the International Conference on Data Science and Advanced Analytics ({DSAA'19})},
  year         = 2019,
  booktitle    = {Proceedings of the International Conference on Data Science and Advanced Analytics ({DSAA'19})},
  publisher    = {{IEEE}},
  editor       = {L. Singh and R. {De Veaux} and G. Karypis and F. Bonchi and J. Hill},
  organization = ieeecis
}

@proceedings{dso19,
  title     = {{IJCAI} 2019 {DSO} Workshop},
  year      = 2019,
  booktitle = {{IJCAI} 2019 {DSO} Workshop},
  editor    = {P. De Causmaecker and M. Lombardi and Y. Zhang}
}

@proceedings{ec00,
  title     = {Proceedings of the International Conference on Economics and Computation (EC)},
  year      = 2000,
  booktitle = {Proceedings of the International Conference on Economics and Computation (EC)}
}

@proceedings{ecai10,
  title     = {Proceedings of the Nineteenth European Conference on Artificial Intelligence ({ECAI}'10)},
  year      = 2010,
  booktitle = {Proceedings of the Nineteenth European Conference on Artificial Intelligence ({ECAI}'10)},
  publisher = {{IOS} Press},
  editor    = {H. Coelho and R. Studer and M. Wooldridge}
}

@proceedings{ecai20,
  title     = {Proceedings of the Twenty-fourth European Conference on Artificial Intelligence ({ECAI}'20)},
  year      = 2020,
  month     = jun,
  booktitle = {Proceedings of the Twenty-fourth European Conference on Artificial Intelligence ({ECAI}'20)},
  editor    = {J. Lang and G. De Giacomo and B. Dilkina and M. Milano}
}

@proceedings{eccv14,
  title     = {10th European Conference on Computer Vision ({ECCV}'14)},
  year      = 2014,
  booktitle = {10th European Conference on Computer Vision ({ECCV}'16)},
  publisher = springer,
  editor    = {D. J. Fleet and
               T. Pajdla and
               B. Schiele and
               T. Tuytelaars}
}

@proceedings{eccv16,
  title     = {12th European Conference on Computer Vision ({ECCV}'16)},
  year      = 2016,
  booktitle = {12th European Conference on Computer Vision ({ECCV}'16)},
  publisher = springer,
  editor    = {B. Leibe and J. Matas and N. Sebe and M. Welling}
}

@proceedings{eccv18,
  title     = {14th European Conference on Computer Vision ({ECCV}'18)},
  year      = 2018,
  booktitle = {14th European Conference on Computer Vision ({ECCV}'18)},
  publisher = springer,
  editor    = {V. Ferrari and M. Herbert and C. Sminchisescu and Y. Weiss}
}

@proceedings{eccv20,
  title     = {16th European Conference on Computer Vision ({ECCV}'20)},
  year      = 2020,
  booktitle = {16th European Conference on Computer Vision ({ECCV}'20)},
  publisher = Springer,
  editor    = {A. Vedaldi and H. Bischof and T. Brox and J. Frahm}
}

@proceedings{eccv22,
  title     = {17th European Conference on Computer Vision ({ECCV}'22)},
  year      = 2022,
  booktitle = {17th European Conference on Computer Vision ({ECCV}'22)},
  publisher = Springer,
  editor    = {S. Avidan and G. Brostow and G. Farinella and T. Hassner}
}

@proceedings{ecml00,
  title     = {Machine Learning: ECML 2000},
  year      = 2000,
  booktitle = {Machine Learning: ECML 2000},
  publisher = springer,
  series    = lnai,
  volume    = 1810,
  editor    = {R. Lopez de Mantaras and E. Plaza}
}

@proceedings{ecml01,
  title     = {Proceedings of the 12th European Conference on Machine Learning ({ECML})},
  year      = 2001,
  booktitle = {Proceedings of the 12th European Conference on Machine Learning ({ECML})},
  publisher = springer,
  series    = lncs,
  volume    = 2167,
  editor    = {L. Raedt and P. Flach}
}

@proceedings{ecml05,
  title     = {Proceedings of the 12th European Conference on Machine Learning ({ECML}'05)},
  year      = 2005,
  booktitle = {Proceedings of the 12th European Conference on Machine Learning ({ECML}'05)},
  publisher = {Springer},
  series    = lncs,
  volume    = 3720,
  editor    = {J. Gama and R. Camacho and P. Brazdil and A. Jorge and L. Torgo}
}

@proceedings{ecml19,
  title     = {Proceedings of the 20th European Conference on Machine Learning and Principles and Practice of Knowledge Discovery in Databases ({ECML/PKDD})},
  year      = 2021,
  booktitle = {Proceedings of the 22th European Conference on Machine Learning and Principles and Practice of Knowledge Discovery in Databases ({ECML/PKDD})},
  publisher = {{ACM}},
  series    = {Machine Learning and Knowledge Discovery in Databases},
  volume    = 11908,
  editor    = {U. Brefeld and E. Fromont and A. Hotho and A. J. Knobbe and M . H. Maathuis and C. Robardet}
}

@proceedings{ecml21,
  title     = {Proceedings of the 22th European Conference on Machine Learning and Principles and Practice of Knowledge Discovery in Databases ({ECML/PKDD})},
  year      = 2021,
  booktitle = {Proceedings of the 22th European Conference on Machine Learning and Principles and Practice of Knowledge Discovery in Databases ({ECML/PKDD})},
  publisher = {{ACM}},
  series    = {Machine Learning and Knowledge Discovery in Databases},
  volume    = 12975,
  editor    = {N. Oliver and F. Pérez-Cruz and S. Kramer and J. Read and J. A. Lozano}
}

@proceedings{ecml22,
  year      = 2022,
  booktitle = {Machine Learning and Knowledge Discovery in Databases. Research Track - European Conference, {ECML} {PKDD}},
  publisher = {{ACM}}
}

@proceedings{ecml94,
  title     = {Machine Learning: ECML-94},
  year      = 1994,
  booktitle = {Machine Learning: ECML-94},
  publisher = springer,
  series    = lnai,
  editor    = {F. Bergadano and L. De Raedt}
}

@proceedings{ecorl21,
  title     = {Workshop on Ecological Theory of Reinforcement Learning ({E}co{RL}@{N}eur{IPS}'21)},
  year      = 2021,
  booktitle = {Workshop on Ecological Theory of Reinforcement Learning ({E}co{RL}@{N}eur{IPS}'21)}
}

@proceedings{emnlp14,
  title     = {Proceedings of the 2014 Conference on Empirical Methods in Natural Language Processing},
  year      = 2014,
  booktitle = {Proceedings of the 2014 Conference on Empirical Methods in Natural Language Processing},
  publisher = {Association for Computational Linguistics},
  editor    = {A. Moschitti and B. Pang and W. Daelemans}
}

@proceedings{emnlp15,
  title     = {Proceedings of the 2015 Conference on Empirical Methods in Natural Language Processing},
  year      = 2015,
  booktitle = {Proceedings of the 2015 Conference on Empirical Methods in Natural Language Processing},
  publisher = {Association for Computational Linguistics},
  editor    = {D. Pighin and Y. Marton}
}

@proceedings{emnlp20,
  title     = {Proceedings of the 2020 Conference on Empirical Methods in Natural Language Processing (EMNLP)},
  year      = 2020,
  booktitle = {Proceedings of the 2020 Conference on Empirical Methods in Natural Language Processing (EMNLP)},
  publisher = {Association for Computational Linguistics},
  editor    = {B. Webber and T. Cohn and Y. He and Y. Liu}
}

@proceedings{emo17,
  title      = {Evolutionary {Multi}-{Criterion} {Optimization}},
  year       = 2017,
  booktitle  = {Evolutionary {Multi}-{Criterion} {Optimization}},
  publisher  = springer,
  series     = lncs,
  editor     = {H. Trautmann and G. Rudolph and K. Klamroth and O. Schütze and M. Wiecek and Y. Jin and C. Grimme},
  conference = {Ninth International Conference on Evolutionary {Multi}-{Criterion} {Optimization}}
}

@proceedings{emo2005,
  title      = {Evolutionary {Multi}-{Criterion} {Optimization}},
  year       = 2005,
  booktitle  = {Evolutionary {Multi}-{Criterion} {Optimization}},
  publisher  = springer,
  editor     = {C. Coello and A. Aguirre and E. Zitzler},
  conference = {Third International Conference on Evolutionary {Multi}-{Criterion} {Optimization}}
}

@proceedings{emo21,
  title      = {11th International Conference on Evolutionary {Multi}-{Criterion} {Optimization} ({EMO}'21)},
  year       = 2021,
  booktitle  = {11th International Conference on Evolutionary {Multi}-{Criterion} {Optimization} ({EMO}'21)},
  publisher  = {Springer Cham},
  series     = lncs,
  editor     = {H. Ishibuchi and Q. Zhang and R. Cheng and K. Li and H. Li and H. Wang and A. Zhou},
  conference = {11th International Conference on Evolutionary {Multi}-{Criterion} {Optimization} ({EMO}'21)}
}

@proceedings{epia01,
  title      = {Progress in {Artificial} {Intelligence}: Knowledge Extraction, Multi-agent Systems, Logic Programming, and Constraint Solving},
  year       = 2001,
  booktitle  = {Progress in {Artificial} {Intelligence}: Knowledge Extraction, Multi-agent Systems, Logic Programming, and Constraint Solving},
  publisher  = {Springer},
  series     = lnai,
  conference = {10th Portuguese Conference on Artificial Intelligence, {EPIA}},
  volumne    = 2258,
  editor     = {P. Brazdil and A. Jorge}
}

@proceedings{epia95,
  title     = {Proceedings of the 7th Portuguese Conference on Artificial Intelligence ({EPAI}'95)},
  year      = 1995,
  booktitle = {Proceedings of the 7th Portuguese Conference on Artificial Intelligence ({EPAI}'95)},
  publisher = springer,
  series    = lncs,
  volume    = 990,
  editor    = {C. Pinto{-}Ferreira and N. Mamede}
}

@proceedings{esci21,
  title        = {2021 International Conference on Emerging Smart Computing and Informatics (ESCI)},
  year         = 2021,
  booktitle    = {2021 International Conference on Emerging Smart Computing and Informatics (ESCI)},
  organization = {IEEE}
}

@proceedings{esoa06,
  title     = {Proceedings of Engineering Self-Organising Systems ({ESOA})},
  year      = 2006,
  booktitle = {Proceedings of Engineering Self-Organising Systems ({ESOA})},
  publisher = springer,
  series    = lncs,
  volume    = 4335,
  editor    = {S. Brueckner and S. Hassas and M. Jelasity and D. Yamins}
}

@proceedings{esoa07,
  title     = {Proceedings of Engineering Self-Organising Systems ({ESOA})},
  year      = 2007,
  booktitle = {Proceedings of Engineering Self-Organising Systems ({ESOA})},
  publisher = springer,
  series    = lncs,
  volume    = 4335,
  editor    = {S. Brueckner and S. Hassas and M. Jelasity and D. Yamins}
}

@proceedings{esocc13,
  title     = {Proceedings of the European Conference on Service-Oriented and Cloud Computing ({ESOCC}'13)},
  year      = 2013,
  booktitle = {Proceedings of the European Conference on Service-Oriented and Cloud Computing ({ESOCC}'13)},
  publisher = springer,
  editor    = {K. Lau and W. Lamersdorf and E. Pimentel}
}

@proceedings{eurogp17,
  title      = {proceedings of the 20th European Conference on Genetic Programming ({EuroGP}'17)},
  year       = 2017,
  booktitle  = {EuroGP 2017: proceedings of the 20th European Conference on Genetic Programming},
  publisher  = springer,
  series     = lncs,
  volume     = 10196,
  pages      = {246--261},
  conference = {20th European Conference on Genetic Programming},
  editor     = {M. Castelli and J. McDermott and L. Sekanina}
}

@proceedings{evoapp16,
  title     = {Proceedings of the 19th European Conference on Applications of Evolutionary Computation ({EvoApplications}'16)},
  year      = 2016,
  booktitle = {Proceedings of the 19th European Conference on Applications of Evolutionary Computation ({EvoApplications}'16)},
  publisher = springer,
  editor    = {G. Squillero and P. Burelli}
}

@proceedings{evoapp21,
  title     = {Proceedings of the 24th European Conference on Applications of Evolutionary Computation ({EvoApplications}'21)},
  year      = 2021,
  booktitle = {Proceedings of the 24th European Conference on Applications of Evolutionary Computation ({EvoApplications}'21)},
  publisher = springer,
  editor    = {P. Castillo and J. Jim{\'{e}}nez Laredo}
}

@proceedings{evoapp22,
  title     = {Proceedings of the 25th European Conference on Applications of Evolutionary Computation ({EvoApplications}'22)},
  year      = 2022,
  booktitle = {Proceedings of the 25th European Conference on Applications of Evolutionary Computation ({EvoApplications}'22)},
  publisher = {Springer},
  editor    = {J. Jim{\'{e}}nez Laredo and J. Ignacio Hidalgo and K. Babaagba}
}

@proceedings{evocop20,
  title     = {Evolutionary Computation in Combinatorial Optimization},
  year      = 2020,
  booktitle = {Evolutionary Computation in Combinatorial Optimization},
  publisher = springer,
  editor    = {L. Paquete and C. Zarges}
}

@proceedings{fmcad07,
  title     = {Formal Methods in Computer Aided Design ({FMCAD}'07)},
  year      = 2007,
  booktitle = {Formal Methods in Computer Aided Design ({FMCAD}'07)},
  publisher = ieee,
  editor    = {L. O'Conner}
}

@proceedings{gecco02,
  title     = {Proceedings of the Genetic and Evolutionary Computation Conference ({GECCO}'02)},
  year      = 2002,
  booktitle = {Proceedings of the Genetic and Evolutionary Computation Conference ({GECCO}'02)},
  publisher = kaufmann,
  editor    = {W. Langdon and E. Cantu-Paz and K. Mathias and R. Roy and D. Davis and R. Poli and K. Balakrishnan and V. Honavar and G. Rudolph and J. Wegener and L. Bull and M. Potter and A. Schultz and J. Miller and E. Burke and N. Jonoska}
}

@proceedings{gecco09,
  title     = {Proceedings of the 11th Genetic and Evolutionary Computation Conference ({GECCO}'09)},
  year      = 2009,
  booktitle = {Proceedings of the 11th Genetic and Evolutionary Computation Conference ({GECCO}'09)},
  publisher = kaufmann,
  editor    = {G. Raidl et al},
  leditor   = {G. Raidl and E. Alba and J. Bacardit and H.. Beyer and M. Birattari and C. Blum and P. Bosman and C. Congdon and D. Corne and C. Cotta and M. Di~Penta and B. Doerr and R. Drechsle and M. Ebner and J. Grahl and T. Jansen and J.D. Knowles and T. Lenaerts and M. Middendorf and J. F. Miller and M. O'Neill and R. Poli and G. Squillero and K. Stanley and T. St\"utzle and J. van~Hemert.}
}

@proceedings{gecco10,
  title     = {Proceedings of the 12th Annual Conference on Genetic and Evolutionary Computation ({GECCO}'10)},
  year      = 2010,
  booktitle = {Proceedings of the 12th Annual Conference on Genetic and Evolutionary Computation ({GECCO}'10)},
  publisher = acm,
  editor    = {M. Pelikan}
}

@proceedings{gecco11,
  title     = {Proceedings of the 13th Annual Conference on Genetic and Evolutionary Computation ({GECCO}'11)},
  year      = 2011,
  booktitle = {Proceedings of the 13th Annual Conference on Genetic and Evolutionary Computation ({GECCO}'11)},
  publisher = acm,
  editor    = {N. Krasnogor}
}

@proceedings{gecco12,
  title     = {Proceedings of the 14th Annual Conference on Genetic and Evolutionary Computation ({GECCO}'12)},
  year      = 2011,
  booktitle = {Proceedings of the 14th Annual Conference on Genetic and Evolutionary Computation ({GECCO}'12)},
  publisher = acm,
  editor    = {T. Soule}
}

@proceedings{gecco13,
  title     = {Proceedings of the Genetic and Evolutionary Computation Conference ({GECCO}'13)},
  year      = 2013,
  booktitle = {Proceedings of the Genetic and Evolutionary Computation Conference ({GECCO}'13)},
  publisher = acm,
  editor    = {C. Blum and E. Alba}
}

@proceedings{gecco14,
  title     = {Proceedings of the 2014 Annual Conference on Genetic and Evolutionary Computation ({GECCO}'14)},
  year      = 2014,
  booktitle = {Proceedings of the 2014 Annual Conference on Genetic and Evolutionary Computation ({GECCO}'14},
  publisher = acm,
  editor    = {C. Igel}
}

@proceedings{gecco15,
  title     = {Proceedings of the Genetic and Evolutionary Computation Conference ({GECCO}'15)},
  year      = 2015,
  booktitle = {Proceedings of the Genetic and Evolutionary Computation Conference ({GECCO}'15)},
  publisher = acm,
  editor    = {J. Laredo and S. Silva and A. Esparcia{-}Alc{\'{a}}zar}
}

@proceedings{gecco16,
  title     = {Proceedings of the Genetic and Evolutionary Computation Conference ({GECCO}'16)},
  year      = 2016,
  booktitle = {Proceedings of the Genetic and Evolutionary Computation Conference ({GECCO}'16)},
  publisher = acm,
  editor    = {T. Friedrich}
}

@proceedings{gecco17,
  title     = {Proceedings of the Genetic and Evolutionary Computation Conference ({GECCO}'17)},
  year      = 2018,
  booktitle = {Proceedings of the Genetic and Evolutionary Computation Conference ({GECCO}'17)},
  publisher = acm,
  editor    = {P. Bosman}
}

@proceedings{gecco18,
  title     = {Proceedings of the Genetic and Evolutionary Computation Conference ({GECCO}'18)},
  year      = 2018,
  booktitle = {Proceedings of the Genetic and Evolutionary Computation Conference ({GECCO}'18)},
  publisher = acm,
  editor    = {H. Aguirre}
}

@proceedings{gecco19,
  title     = {Proceedings of the Genetic and Evolutionary Computation Conference ({GECCO}'19)},
  year      = 2019,
  booktitle = {Proceedings of the Genetic and Evolutionary Computation Conference ({GECCO}'19)},
  publisher = acm,
  editor    = {M. {López-Ibáñez}}
}

@proceedings{gecco20,
  title     = {Proceedings of the Genetic and Evolutionary Computation Conference ({GECCO}'20)},
  year      = 2020,
  booktitle = {Proceedings of the Genetic and Evolutionary Computation Conference ({GECCO}'20)},
  publisher = acm,
  editor    = {J. Ceberio}
}

@proceedings{gecco21,
  title     = {Proceedings of the Genetic and Evolutionary Computation Conference ({GECCO}'21)},
  year      = 2021,
  booktitle = {Proceedings of the Genetic and Evolutionary Computation Conference ({GECCO}'21)},
  publisher = acm,
  editor    = {F. Chicano and K. Krawiec}
}

@proceedings{gecco22,
  title     = {Proceedings of the Genetic and Evolutionary Computation Conference ({GECCO}'22)},
  year      = 2022,
  booktitle = {Proceedings of the Genetic and Evolutionary Computation Conference ({GECCO}'22)},
  publisher = acm,
  editor    = {J. Fieldsend}
}

@proceedings{hm07,
  title     = {Proceedings of the International Workshop on Hybrid Metaheuristics ({HM}'07)},
  year      = 2007,
  booktitle = {Proceedings of the International Workshop on Hybrid Metaheuristics ({HM}'07)},
  publisher = springer,
  series    = lncs,
  volume    = 4771,
  editor    = {T. Bartz{-}Beielstein and M. Blesa Aguilera and C. Blum and B. Naujoks and A. Roli and G. Rudolph and M. Sampels}
}

@proceedings{hpcs20,
  title     = {The 18th International Conference on High Performance Computing \& Simulation},
  year      = 2020,
  booktitle = {The 18th International Conference on High Performance Computing \& Simulation}
}

@proceedings{icann01,
  title     = {Proceedings of the 11th International Conference on Artificial Neural Networks ({ICANN}'01)},
  year      = 2001,
  booktitle = {Proceedings of the 11th International Conference on Artificial Neural Networks ({ICANN}'01)},
  publisher = springer,
  editor    = {G. Dorffner and H. Bischof and K. Hornik}
}

@proceedings{icann05,
  title     = {Proceedings of the 15th international conference on Artificial neural networks ({ICANN}'05)},
  year      = 2005,
  booktitle = {Proceedings of the 15th international conference on Artificial neural networks ({ICANN}'05)},
  publisher = springer,
  editors   = {W. Duch and J. Kacprzyk and S. Zadrożny and E. Oja}
}

@proceedings{icann08,
  title     = {International Conference on Artificial Neural Networks ({ICANN}'08)},
  year      = 2008,
  booktitle = {International Conference on Artificial Neural Networks ({ICANN}'08)},
  publisher = springer,
  volume    = 18,
  editor    = {V. Kurkova-Pohlova and J. Koutnik}
}

@proceedings{icann93,
  title     = {Proceedings of the Intl. Conf. on Artificial Neural Networks},
  year      = 1993,
  booktitle = {Proceedings of the Intl. Conf. on Artificial Neural Networks},
  publisher = ieee,
  editor    = {S. Gielen and B. Kapen}
}

@proceedings{icaps11,
  title     = {Working notes of the Twenty-first International Conference on Automated Planning and Scheduling ({ICAPS}-11), Workshop on Planning and Learning.},
  year      = 2011,
  booktitle = {Working notes of the Twenty-first International Conference on Automated Planning and Scheduling ({ICAPS}-11), Workshop on Planning and Learning.},
  editor    = {M. Helmert and S. Edelkamp}
}

@proceedings{icaps14,
  title     = {Proceedings of the Twenty-Fourth International Conference on Automated Planning and Scheduling ({ICAPS}-14)},
  year      = 2014,
  booktitle = {Proceedings of the Twenty-Fourth International Conference on Automated Planning and Scheduling ({ICAPS}-14)},
  publisher = {{AAAI}},
  editor    = {S. Chien and D. Minh and A. Fern and W. Ruml}
}

@proceedings{icaps19,
  title     = {Proceedings of the 29st International Conference on Automated Planning and Scheduling ({ICAPS}'19)},
  year      = 2019,
  booktitle = {Proceedings of the 29st International Conference on Automated Planning and Scheduling ({ICAPS}'19)},
  publisher = {{AAAI}},
  volume    = 29,
  editor    = {J. Benton and N. Lipovetzky and E. Onaindia and D. E. Smith and S. Srivastava}
}

@proceedings{icaps20,
  title     = {Proceedings of the 30th International Conference on Automated Planning and Scheduling ({ICAPS}'20)},
  year      = 2020,
  booktitle = {Proceedings of the 30th International Conference on Automated Planning and Scheduling ({ICAPS}'20)},
  publisher = {{AAAI}},
  volume    = 30,
  editor    = {J. C. Beck and O. Buffet and J. Hoffmann and E. Karpas and S. Sohrabi}
}

@proceedings{icaps21,
  title     = {Proceedings of the 31st International Conference on Automated Planning and Scheduling ({ICAPS}'21)},
  year      = 2021,
  booktitle = {Proceedings of the 31st International Conference on Automated Planning and Scheduling ({ICAPS}'21)},
  publisher = {{AAAI}},
  editor    = {H. H. Zhuo and Q. Yang and M. Do and R. Goldman and S. Biundo and M. Katz}
}

@proceedings{icassp13,
  title     = {International Conference on Acoustics, Speech and Signal Processing ({ICASSP}'13)},
  year      = 2013,
  booktitle = {International Conference on Acoustics, Speech and Signal Processing ({ICASSP}'13)},
  publisher = ieee,
  editor    = {M. Adams and V. Zhao}
}

@proceedings{icassp16,
  title     = {International Conference on Acoustics, Speech and Signal Processing ({ICASSP}'16)},
  year      = 2016,
  booktitle = {International Conference on Acoustics, Speech and Signal Processing ({ICASSP}'16)},
  publisher = ieee,
  editor    = {M. Dong and T. Zheng}
}

@proceedings{icassp17,
  title     = {International Conference on Acoustics, Speech and Signal Processing ({ICASSP}'17)},
  year      = 2017,
  booktitle = {International Conference on Acoustics, Speech and Signal Processing ({ICASSP}'17)},
  publisher = ieee,
  editor    = {T. Adali and E. Saber}
}

@proceedings{icassp19,
  title     = {International Conference on Acoustics, Speech and Signal Processing ({ICASSP}'19)},
  year      = 2019,
  booktitle = {International Conference on Acoustics, Speech and Signal Processing ({ICASSP}'19)},
  publisher = ieee,
  editor    = {M. Adams and V. Zhao}
}

% MF I am not 100% sure whether the organization is correct or whether this 
% conference was only sponsored by the IEEE and/or the TCPAMI (Technical 
% Community on Pattern Analysis and Machine Intelligence)
@proceedings{iccv09,
  title        = {Proceedings of the 12th International Conference on Computer Vision ({ICCV}'09)},
  year         = 2009,
  booktitle    = {Proceedings of the 12th International Conference on Computer Vision ({ICCV}'09)},
  publisher    = ieee,
  organization = {cvfandieee}
}

@proceedings{iccv15,
  title        = {Proceedings of the 18th International Conference on Computer Vision ({ICCV}'15)},
  year         = 2015,
  booktitle    = {Proceedings of the 18th International Conference on Computer Vision ({ICCV}'15)},
  publisher    = ieee,
  organization = {cvfandieee}
}

@proceedings{iccv17,
  title        = {Proceedings of the 20th International Conference on Computer Vision ({ICCV}'17)},
  year         = 2017,
  booktitle    = {Proceedings of the 20th International Conference on Computer Vision ({ICCV}'17)},
  publisher    = ieee,
  organization = {cvfandieee}
}

@proceedings{iccv19,
  title        = {Proceedings of the 22nd IEEE/CVF International Conference on Computer Vision ({ICCV}'19)},
  year         = 2019,
  booktitle    = {Proceedings of the 22nd IEEE/CVF International Conference on Computer Vision ({ICCV}'19)},
  publisher    = ieee,
  organization = {cvfandieee}
}

@proceedings{iccv21,
  title        = {Proceedings of the 24nd IEEE/CVF International Conference on Computer Vision ({ICCV}'21)},
  year         = 2021,
  booktitle    = {Proceedings of the 24nd IEEE/CVF International Conference on Computer Vision ({ICCV}'21)},
  publisher    = ieee,
  organization = {cvfandieee}
}

@proceedings{iccvw19,
  title        = {Proceedings of the IEEE/CVF International Conference on Computer Vision Workshops ({ICCVW}'19)},
  year         = 2019,
  booktitle    = {Proceedings of the IEEE/CVF International Conference on Computer Vision Workshops ({ICCVW}'19)},
  publisher    = ieee,
  organization = {cvfandieee}
}

@proceedings{icdar03,
  title     = {Proceedings of the Seventh International Conference on Document Analysis and Recognition {ICDAR}'03},
  year      = 2003,
  booktitle = {Proceedings of the Seventh International Conference on Document Analysis and Recognition {ICDAR}'03}
}

@proceedings{icde12,
  title     = {{IEEE} 28th International Conference on Data Engineering {ICDE} 2012)},
  year      = 2012,
  booktitle = {{IEEE} 28th International Conference on Data Engineering {ICDE} 2012)},
  publisher = {{IEEE} Computer Society},
  editor    = {A. Kementsietsidis and M. Antonio Vaz Salles}
}

@proceedings{icdm_siam02,
  title     = {Proceedings of the 2002 {SIAM} {International} {Conference} on {Data} {Mining}},
  year      = 2002,
  booktitle = {Proceedings of the 2002 {SIAM} {International} {Conference} on {Data} {Mining}},
  publisher = {Society for Industrial and Applied Mathematics}
}

@proceedings{icdm_siam17,
  title     = {Proceedings of the 2017 {SIAM} International Conference on Data Mining ({SDM}'17)},
  year      = 2017,
  booktitle = {Proceedings of the 2017 {SIAM} International Conference on Data Mining ({SDM}'17)},
  publisher = siam,
  editor    = {N. Chawla and W. Wang}
}

@proceedings{icdm06,
  title     = {Proceedings of the 6th {IEEE} International Conference on Data Mining ({ICDM}'06)},
  year      = 2006,
  booktitle = {Proceedings of the 6th {IEEE} International Conference on Data Mining ({ICDM}'06)},
  publisher = ieee,
  editor    = {C. Clifton and N. Zhong and J. Liu and B. Wah and X. Wu}
}

@proceedings{icdm10,
  title     = {Proceedings of the 10th {IEEE} International Conference on Data Mining ({ICDM}'06)},
  year      = 2010,
  booktitle = {Proceedings of the 10th {IEEE} International Conference on Data Mining ({ICDM}'06)},
  publisher = ieee,
  editor    = {G. Webb and B. Liu and C. Zhang and D. Gunopulos and X. Wu}
}

@proceedings{icdm15,
  title     = {Proceedings of the 15th {IEEE} International Conference on Data Mining ({ICDM}'15)},
  year      = 2015,
  booktitle = {Proceedings of the 15th {IEEE} International Conference on Data Mining ({ICDM}'15)},
  publisher = ieee
}

@proceedings{icdm17,
  title     = {Proceedings of the 17th {IEEE} International Conference on Data Mining ({ICDM}'17)},
  year      = 2017,
  booktitle = {Proceedings of the 17th {IEEE} International Conference on Data Mining ({ICDM}'17)},
  publisher = ieee,
  editor    = {R. Gottumukkala and X. Ning and G. Dong and V. Raghavan and S. Aluru and G. Karypis and L. Miele and X. Wu}
}

@proceedings{icdm21,
  title     = {Proceedings of the IEEE International Conference on Data Mining ({ICDM}'21)},
  year      = 2021,
  booktitle = {Proceedings of the IEEE International Conference on Data Mining ({ICDM}'21)},
  publisher = ieee,
  editor    = {J. Bailey and P. Miettinen and Y. Koh and D. Tao and X. Wu}
}

@proceedings{icep1998,
  title     = {Proceedings of the 7th International conference on evolutionary programming},
  year      = 1998,
  booktitle = {Proceedings of the 7th International conference on evolutionary programming},
  publisher = springer,
  editor    = {V. Porto and N. Saravanan and D. Waagen and A. Eiben}
}

@proceedings{icga89,
  title     = {Proceedings of the 3rd International Conference on Genetic Algorithms, George Mason University, Fairfax, Virginia, USA, June 1989},
  year      = 1989,
  booktitle = {Proceedings of the 3rd International Conference on Genetic Algorithms, George Mason University, Fairfax, Virginia, USA, June 1989},
  publisher = {Morgan Kaufmann},
  editor    = {J. Schaffer}
}

@proceedings{iclp-lipics12,
  title     = {Technical Communications of the Twenty-eighth International Conference on Logic Programming ({ICLP}'12)},
  year      = 2012,
  booktitle = {Technical Communications of the Twenty-eighth International Conference on Logic Programming ({ICLP}'12)},
  publisher = {Leibniz International proceedings in Informatics ({LIPI}cs)},
  volume    = 17,
  editor    = {A. Dovier and V. {Santos Costa}}
}

@proceedings{iclr13,
  title     = {Proceedings of the International Conference on Learning Representations ({ICLR}'13)},
  year      = 2013,
  booktitle = {Proceedings of the International Conference on Learning Representations ({ICLR}'13)},
  publisher = {CBLS},
  editor    = {Yoshua Bengio and  Yann LeCun}
}

@proceedings{iclr14,
  title     = {Proceedings of the International Conference on Learning Representations ({ICLR}'14)},
  year      = 2014,
  booktitle = {Proceedings of the International Conference on Learning Representations ({ICLR}'14)},
  publisher = {CBLS}
}

@proceedings{iclr15,
  title     = {Proceedings of the International Conference on Learning Representations ({ICLR}'15)},
  year      = 2015,
  booktitle = {Proceedings of the International Conference on Learning Representations ({ICLR}'15)},
  note      = {Published online: \url{iclr.cc}}
}

@proceedings{iclr16,
  title     = {Proceedings of the International Conference on Learning Representations ({ICLR}'16)},
  year      = 2016,
  booktitle = {Proceedings of the International Conference on Learning Representations ({ICLR}'16)},
  note      = {Published online: \url{iclr.cc}}
}

@proceedings{iclr17,
  title     = {Proceedings of the International Conference on Learning Representations ({ICLR}'17)},
  year      = 2017,
  booktitle = {Proceedings of the International Conference on Learning Representations ({ICLR}'17)},
  note      = {Published online: \url{iclr.cc}}
}

@proceedings{iclr18,
  title     = {Proceedings of the International Conference on Learning Representations ({ICLR}'18)},
  year      = 2018,
  booktitle = {Proceedings of the International Conference on Learning Representations ({ICLR}'18)},
  note      = {Published online: \url{iclr.cc}}
}

@proceedings{iclr19,
  title     = {Proceedings of the International Conference on Learning Representations ({ICLR}'19)},
  year      = 2019,
  booktitle = {Proceedings of the International Conference on Learning Representations ({ICLR}'19)},
  note      = {Published online: \url{iclr.cc}}
}

@proceedings{iclr20,
  title     = {Proceedings of the International Conference on Learning Representations ({ICLR}'20)},
  year      = 2020,
  booktitle = {Proceedings of the International Conference on Learning Representations ({ICLR}'20)},
  note      = {Published online: \url{iclr.cc}}
}

@proceedings{iclr21,
  title     = {Proceedings of the International Conference on Learning Representations ({ICLR}'21)},
  year      = 2021,
  booktitle = {Proceedings of the International Conference on Learning Representations ({ICLR}'21)},
  note      = {Published online: \url{iclr.cc}}
}

@proceedings{iclr22,
  title     = {Proceedings of the International Conference on Learning Representations ({ICLR}'22)},
  year      = 2022,
  booktitle = {Proceedings of the International Conference on Learning Representations ({ICLR}'22)},
  note      = {Published online: \url{iclr.cc}}
}

@proceedings{iclr23,
  title     = {International Conference on Learning Representations ({ICLR}'23)},
  year      = 2023,
  booktitle = {International Conference on Learning Representations ({ICLR}'23)},
  note      = {Published online: \url{iclr.cc}}
}

@proceedings{iclrblog22,
  title     = {International Conference on Learning Representations ({ICLR}'22) Blog Track},
  year      = 2022,
  booktitle = {International Conference on Learning Representations ({ICLR}'22) Blog Track},
  note      = {Published online: \url{iclr.cc}}
}

@proceedings{iclrws16,
  title     = {International Conference on Learning Representations Workshop track},
  year      = 2016,
  booktitle = {International Conference on Learning Representations Workshop track},
  note      = {Published online: \url{iclr.cc}}
}

@proceedings{iclrws18,
  title     = {International Conference on Learning Representations Workshop track},
  year      = 2018,
  booktitle = {International Conference on Learning Representations Workshop track},
  note      = {Published online: \url{iclr.cc}}
}

@proceedings{iclrws22,
  title     = {International Conference on Learning Representations Workshop track},
  year      = 2022,
  booktitle = {International Conference on Learning Representations Workshop track},
  note      = {Published online: \url{iclr.cc}}
}

@proceedings{icml00,
  title     = {Proceedings of the Seventeenth International Conference on Machine Learning ({ICML}'00)},
  year      = 2000,
  booktitle = {Proceedings of the Seventeenth International Conference on Machine Learning ({ICML}'00)},
  publisher = kaufmann,
  editor    = {P. Langley}
}

@proceedings{icml02,
  title     = {Proceedings of the Nineteenth International Conference on Machine Learning ({ICML}'02)},
  year      = 2002,
  booktitle = {Proceedings of the Nineteenth International Conference on Machine Learning ({ICML}'02)},
  publisher = kaufmann,
  editor    = {C. Sammut and A. Hoffmann}
}

@proceedings{icml03,
  title     = {Proceedings of the 20th International Conference on Machine Learning ({ICML}'03)},
  year      = 2003,
  booktitle = {Proceedings of the 20th International Conference on Machine Learning ({ICML}'03)},
  publisher = {Omnipress},
  editor    = {T. Fawcett and N. Mishra}
}

@proceedings{icml04,
  title     = {Proceedings of the 21st International Conference on Machine Learning ({ICML}'04)},
  year      = 2004,
  booktitle = {Proceedings of the 21st International Conference on Machine Learning ({ICML}'04)},
  publisher = {Omnipress},
  editor    = {R. Greiner}
}

@proceedings{icml05,
  title     = {Proceedings of the 22nd International Conference on Machine Learning ({ICML}'05)},
  year      = 2005,
  booktitle = {Proceedings of the 22nd International Conference on Machine Learning ({ICML}'05)},
  publisher = {Omnipress},
  editor    = {L. Raedt and S. Wrobel}
}

@proceedings{icml06,
  title     = {Proceedings of the 23rd International Conference on Machine Learning ({ICML}'06)},
  year      = 2006,
  booktitle = {Proceedings of the 23rd International Conference on Machine Learning ({ICML}'06)},
  publisher = {Omnipress},
  editor    = {W. Cohen and A. Moore}
}

@proceedings{icml07,
  title     = {Proceedings of the 24th International Conference on Machine Learning ({ICML}'07)},
  year      = 2007,
  booktitle = {Proceedings of the 24th International Conference on Machine Learning ({ICML}'07)},
  publisher = {Omnipress},
  editor    = {Z. Ghahramani}
}

@proceedings{icml08,
  title     = {Proceedings of the 25th International Conference on Machine Learning ({ICML}'08)},
  year      = 2008,
  booktitle = {Proceedings of the 25th International Conference on Machine Learning ({ICML}'08)},
  publisher = {Omnipress},
  editor    = {W. Cohen and A. McCallum and S. Roweis}
}

@proceedings{icml09,
  title     = {Proceedings of the 26th International Conference on Machine Learning ({ICML}'09)},
  year      = 2009,
  booktitle = {Proceedings of the 26th International Conference on Machine Learning ({ICML}'09)},
  publisher = {Omnipress},
  editor    = {L. Bottou and M. Littman}
}

@proceedings{icml10,
  title     = {Proceedings of the 27th International Conference on Machine Learning ({ICML}'10)},
  year      = 2010,
  booktitle = {Proceedings of the 27th International Conference on Machine Learning ({ICML}'10)},
  publisher = {Omnipress},
  editor    = {J. F{\"u}rnkranz and T. Joachims}
}

@proceedings{icml11,
  title     = {Proceedings of the 28th International Conference on Machine Learning ({ICML}'11)},
  year      = 2011,
  booktitle = {Proceedings of the 28th International Conference on Machine Learning ({ICML}'11)},
  publisher = {Omnipress},
  editor    = {L. Getoor and T. Scheffer}
}

@proceedings{icml12,
  title     = {Proceedings of the 29th International Conference on Machine Learning ({ICML}'12)},
  year      = 2012,
  booktitle = {Proceedings of the 29th International Conference on Machine Learning ({ICML}'12)},
  publisher = {Omnipress},
  editor    = {J. Langford and J. Pineau}
}

@proceedings{icml13,
  title     = {Proceedings of the 30th International Conference on Machine Learning ({ICML}'13)},
  year      = 2013,
  booktitle = {Proceedings of the 30th International Conference on Machine Learning ({ICML}'13)},
  publisher = {Omnipress},
  editor    = {S. Dasgupta and D. McAllester}
}

@proceedings{icml14,
  title     = {Proceedings of the 31th International Conference on Machine Learning, ({ICML}'14)},
  year      = 2014,
  booktitle = {Proceedings of the 31th International Conference on Machine Learning, ({ICML}'14)},
  publisher = {Omnipress},
  editor    = {E. Xing and T. Jebara}
}

@proceedings{icml15,
  title     = {Proceedings of the 32nd International Conference on Machine Learning ({ICML}'15)},
  year      = 2015,
  booktitle = {Proceedings of the 32nd International Conference on Machine Learning ({ICML}'15)},
  publisher = {Omnipress},
  volume    = 37,
  editor    = {F. Bach and D. Blei}
}

@proceedings{icml16,
  title     = {Proceedings of the 33rd International Conference on Machine Learning ({ICML}'17)},
  year      = 2016,
  booktitle = {Proceedings of the 33rd International Conference on Machine Learning ({ICML}'17)},
  publisher = {Proceedings of Machine Learning Research},
  volume    = 48,
  editor    = {M. Balcan and K. Weinberger}
}

@proceedings{icml17,
  title     = {Proceedings of the 34th International Conference on Machine Learning ({ICML}'17)},
  year      = 2017,
  booktitle = {Proceedings of the 34th International Conference on Machine Learning ({ICML}'17)},
  publisher = {Proceedings of Machine Learning Research},
  volume    = 70,
  editor    = {D. Precup and Y. Teh}
}

@proceedings{icml18,
  title     = {Proceedings of the 35th International Conference on Machine Learning ({ICML}'18)},
  year      = 2018,
  booktitle = {Proceedings of the 35th International Conference on Machine Learning ({ICML}'18)},
  publisher = {Proceedings of Machine Learning Research},
  volume    = 80,
  editor    = {J. Dy and A. Krause}
}

@proceedings{icml19,
  title     = {Proceedings of the 36th International Conference on Machine Learning ({ICML}'19)},
  year      = 2019,
  booktitle = {Proceedings of the 36th International Conference on Machine Learning ({ICML}'19)},
  publisher = {Proceedings of Machine Learning Research},
  volume    = 97,
  editor    = {K. Chaudhuri and R. Salakhutdinov}
}

@proceedings{icml20,
  title     = {Proceedings of the 37th International Conference on Machine Learning ({ICML}'20)},
  year      = 2020,
  booktitle = {Proceedings of the 37th International Conference on Machine Learning ({ICML}'20)},
  publisher = {Proceedings of Machine Learning Research},
  volume    = 98,
  editor    = {H. Daume III and A. Singh}
}

@proceedings{icml21,
  title     = {Proceedings of the 38th International Conference on Machine Learning ({ICML}'21)},
  year      = 2021,
  booktitle = {Proceedings of the 38th International Conference on Machine Learning ({ICML}'21)},
  publisher = {PMLR},
  series    = {Proceedings of Machine Learning Research},
  volume    = 139,
  editor    = {M. Meila and T. Zhang}
}

@proceedings{icml22,
  title     = {Proceedings of the 39th International Conference on Machine Learning ({ICML}'22)},
  year      = 2022,
  booktitle = {Proceedings of the 39th International Conference on Machine Learning ({ICML}'22)},
  publisher = {PMLR},
  series    = {Proceedings of Machine Learning Research},
  volume    = 162,
  editor    = {K. Chaudhuri and S. Jegelka and L. Song and C. Szepesvári and G. Niu and S. Sabato}
}

@proceedings{icml23,
  title     = {Proceedings of the 40th International Conference on Machine Learning ({ICML}'23)},
  year      = 2023,
  booktitle = {Proceedings of the 40th International Conference on Machine Learning ({ICML}'23)},
  publisher = {PMLR},
  series    = {Proceedings of Machine Learning Research},
  volume    = 202,
  editor    = {A. Krause and E. Brunskill and K. Cho and B. Engelhardt and S. Sabato and J. Scarlett}
}

@proceedings{icml90,
  title     = {Proceedings of the Ninth International Workshop on Machine Learning {({ML}} 1990)},
  year      = 1990,
  booktitle = {Proceedings of the Ninth International Workshop on Machine Learning {({ML}} 1990)},
  publisher = kaufmann,
  editor    = {B. Porter, R. Mooney:}
}

@proceedings{icml91,
  title     = {Proceedings of the Ninth International Workshop on Machine Learning {({ML}} 1991)},
  year      = 1991,
  booktitle = {Proceedings of the Ninth International Workshop on Machine Learning {({ML}} 1991)},
  publisher = kaufmann,
  editor    = {L. Birnbaum, G. Collins}
}

@proceedings{icml92,
  title     = {Proceedings of the Ninth International Workshop on Machine Learning {({ML}} 1992)},
  year      = 1992,
  booktitle = {Proceedings of the Ninth International Workshop on Machine Learning {({ML}} 1992)},
  publisher = kaufmann,
  editor    = {D. Sleeman and P. Edwards}
}

@proceedings{icml95,
  title     = {Proceedings of the Twelfth International Conference on Machine Learning ({ICML}'95)},
  year      = 1995,
  booktitle = {Proceedings of the Twelfth International Conference on Machine Learning ({ICML}'95)},
  publisher = kaufmann,
  editor    = {A. Prieditis and S. Russell}
}

@proceedings{icml96,
  title     = {Proceedings of the Thirteenth International Conference on Machine Learning ({ICML}'96)},
  year      = 1996,
  booktitle = {Proceedings of the Thirteenth International Conference on Machine Learning ({ICML}'96)},
  publisher = kaufmann,
  editor    = {L. Saitta}
}

@proceedings{icml99,
  title     = {Proceedings of the Sixteenth International Conference on Machine Learning ({ICML}'99)},
  year      = 1999,
  booktitle = {Proceedings of the Sixteenth International Conference on Machine Learning ({ICML}'99)},
  publisher = kaufmann,
  editor    = {I. Bratko}
}

@proceedings{icnn94,
  title     = {Proceedings of {IEEE} International Conference on Neural Networks ({ICNN'94})},
  year      = 1994,
  booktitle = {Proceedings of {IEEE} International Conference on Neural Networks ({ICNN'94})},
  publisher = ieee,
  editor    = {IEEE Neural Networks Council}
}

@proceedings{iconip04,
  title      = {Neural Information Processing},
  year       = 2004,
  publisher  = springer,
  series     = lncs,
  volume     = 3316,
  editor     = {Pal, N. and Kasabov, N. and Mudi R. and Pal S. and Parui S.},
  conference = {International Conference on Neural Information Processing ({ICONIP}'04)}
}

@proceedings{icpr16,
  title     = {Proceedings of 23rd International Conference on Pattern Recognition ({ICPR}'16)},
  year      = 2016,
  booktitle = {Proceedings of 23rd International Conference on Pattern Recognition ({ICPR}'16)},
  publisher = ieee
}

@proceedings{icpram15,
  title     = {Procceedings of 4th International Conference on Pattern Recognition: Applications and Methods ({ICPRAM}'15)},
  year      = 2015,
  booktitle = {Proceedings of 4th International Conference on Pattern Recognition: Applications and Methods ({ICPRAM}'15)},
  publisher = springer,
  series    = lncs,
  editor    = {A. Fred and M. De Marsico and M. Figueiredo}
}

@proceedings{icra17,
  title     = {Proceedings of {IEEE} International Conference on Robotics and Automation ({ICRA}'17)},
  year      = 2017,
  booktitle = {Proceedings of {IEEE} International Conference on Robotics and Automation ({ICRA}'17)},
  publisher = ieee,
  organizer = {ieeeras}
}

@proceedings{ictai15,
  title        = {Proceedings of the 27th {IEEE} International Conference on Tools with Artificial Intelligence ({ICTAI}'15)},
  year         = 2015,
  booktitle    = {Proceedings of the 27th {IEEE} International Conference on Tools with Artificial Intelligence ({ICTAI}'15)},
  publisher    = ieee,
  organization = ieeecs
}

@proceedings{ictai16,
  title        = {Proceedings of the 28th {IEEE} International Conference on Tools with Artificial Intelligence ({ICTAI}'16)},
  year         = 2016,
  booktitle    = {Proceedings of the 28th {IEEE} International Conference on Tools with Artificial Intelligence ({ICTAI}'16)},
  publisher    = ieee,
  organization = ieeecs
}

@proceedings{ictai19,
  title        = {Proceedings of the 31st {IEEE} International Conference on Tools with Artificial Intelligence ({ICTAI}'19)},
  year         = 2019,
  booktitle    = {Proceedings of the 31st {IEEE} International Conference on Tools with Artificial Intelligence ({ICTAI}'19)},
  publisher    = ieee,
  organization = ieeecs
}

@proceedings{ida15,
  title     = {Proceedings of the 14th International Symposium on Intelligent Data Analysis},
  year      = 2015,
  booktitle = {Proceedings of the 14th International Symposium on Intelligent Data Analysis},
  publisher = {Springer},
  editor    = {E. Fromont and T. De Bie and M. van Leeuwen}
}

@proceedings{ida18,
  title     = {Proceedings of the 17th International Symposium on Intelligent Data Analysis},
  year      = 2018,
  booktitle = {Proceedings of the 17th International Symposium on Intelligent Data Analysis},
  publisher = {Springer},
  editor    = {W. Duivesteijn and A. Siebes and A. Ukkonen}
}

@proceedings{ida23,
  title     = {Advances in Intelligent Data Analysis XXI. IDA 2023.},
  year      = 2023,
  booktitle = {Advances in Intelligent Data Analysis XXI. IDA 2023.},
  publisher = {Springer, Cham},
  series    = lncs,
  volume    = 13876,
  editor    = {Crémilleux, B. and Hess, S. and Nijssen, S.}
}

@proceedings{ideal18,
  title     = {Proceedings of the 19th International Conference on Intelligent Data Engineering and Automated Learning ({IDEAL}'18)},
  year      = 2018,
  booktitle = {Proceedings of the 19th International Conference on Intelligent Data Engineering and Automated Learning ({IDEAL}'18)},
  publisher = lncs,
  editor    = {H. Yin and D. Camacho and P. Novais and A. Tallón-Ballesteros}
}

@proceedings{ifsascis17,
  title        = {2017 Joint 17th World Congress of International Fuzzy Systems Association and 9th International Conference on Soft Computing and Intelligent Systems (IFSA-SCIS)},
  year         = 2017,
  booktitle    = {2017 Joint 17th World Congress of International Fuzzy Systems Association and 9th International Conference on Soft Computing and Intelligent Systems (IFSA-SCIS)},
  organization = {IEEE}
}

@proceedings{ijcai03,
  title     = {Proceedings of the 18th International Joint Conference on Artificial Intelligence ({IJCAI}'03)},
  year      = 2003,
  booktitle = {Proceedings of the 18th International Joint Conference on Artificial Intelligence ({IJCAI}'03)},
  editor    = {G. Gottlob and T. Walsh}
}

@proceedings{ijcai07,
  title     = {Proceedings of the 20th International Joint Conference on Artificial Intelligence ({IJCAI}'07)},
  year      = 2007,
  booktitle = {Proceedings of the 20th International Joint Conference on Artificial Intelligence ({IJCAI}'07)},
  editor    = {M. Veloso}
}

@proceedings{ijcai09,
  title     = {Proceedings of the 22th International Joint Conference on Artificial Intelligence ({IJCAI}'09)},
  year      = 2009,
  booktitle = {Proceedings of the 22th International Joint Conference on Artificial Intelligence ({IJCAI}'09)},
  editor    = {C. Boutilier}
}

@proceedings{ijcai11,
  title     = {Proceedings of the 22nd International Joint Conference on Artificial Intelligence ({IJCAI}'13)},
  year      = 2011,
  booktitle = {Proceedings of the 23rd International Joint Conference on Artificial Intelligence ({IJCAI}'13)},
  editor    = {T. Walsh}
}

@proceedings{ijcai13,
  title     = {Proceedings of the 23rd International Joint Conference on Artificial Intelligence ({IJCAI}'13)},
  year      = 2013,
  booktitle = {Proceedings of the 23rd International Joint Conference on Artificial Intelligence ({IJCAI}'13)},
  editor    = {F. Rossi}
}

@proceedings{ijcai15,
  title     = {Proceedings of the 24th International Joint Conference on Artificial Intelligence ({IJCAI}'15)},
  year      = 2015,
  booktitle = {Proceedings of the 24th International Joint Conference on Artificial Intelligence ({IJCAI}'15)},
  editor    = {Q. Yang and M. Wooldridge}
}

@proceedings{ijcai16,
  title     = {Proceedings of the 25th International Joint Conference on Artificial Intelligence ({IJCAI}'16)},
  year      = 2016,
  booktitle = {Proceedings of the 25th International Joint Conference on Artificial Intelligence ({IJCAI}'16)},
  editor    = {S. Kambhampati}
}

@proceedings{ijcai17,
  title     = {Proceedings of the 26th International Joint Conference on Artificial Intelligence ({IJCAI}'17)},
  year      = 2017,
  booktitle = {Proceedings of the 26th International Joint Conference on Artificial Intelligence ({IJCAI}'17)},
  editor    = {C. Sierra}
}

@proceedings{ijcai18,
  title     = {Proceedings of the 27th International Joint Conference on Artificial Intelligence ({IJCAI}'18)},
  year      = 2018,
  booktitle = {Proceedings of the 27th International Joint Conference on Artificial Intelligence ({IJCAI}'18)},
  editor    = {J. Lang}
}

@proceedings{ijcai19,
  title     = {Proceedings of the 28th International Joint Conference on Artificial Intelligence ({IJCAI}'19)},
  year      = 2019,
  booktitle = {Proceedings of the 28th International Joint Conference on Artificial Intelligence ({IJCAI}'19)},
  editor    = {S. Kraus}
}

@proceedings{ijcai20,
  title     = {Proceedings of the 29th International Joint Conference on Artificial Intelligence ({IJCAI}'20)},
  year      = 2020,
  booktitle = {Proceedings of the 29th International Joint Conference on Artificial Intelligence ({IJCAI}'20)},
  editor    = {C. Bessiere}
}

@proceedings{ijcai21,
  title     = {Proceedings of the 30th International Joint Conference on Artificial Intelligence ({IJCAI}'21)},
  year      = 2021,
  booktitle = {Proceedings of the 30th International Joint Conference on Artificial Intelligence ({IJCAI}'21)},
  editor    = {Z. Zhou}
}

@proceedings{ijcai95,
  title     = {Proceedings of the 14th International Joint Conference on Artificial Intelligence ({IJCAI}'95)},
  year      = 1995,
  booktitle = {Proceedings of the 14th International Joint Conference on Artificial Intelligence ({IJCAI}'95)},
  publisher = kaufmann,
  editor    = {C. Mellish}
}

@proceedings{ijcai99,
  title     = {Proceedings of the 16th International Joint Conference on Artificial Intelligence ({IJCAI}'99)},
  year      = 1999,
  booktitle = {Proceedings of the 16th International Joint Conference on Artificial Intelligence ({IJCAI}'99)},
  publisher = kaufmann,
  editor    = {T. Dean}
}

@proceedings{ijcnn04,
  title        = {2004 {IEEE} International Joint Conference on Neural Networks ({IJCNN'04})},
  year         = 2004,
  booktitle    = {2004 {IEEE} International Joint Conference on Neural Networks ({IJCNN'04})},
  publisher    = ieee,
  organization = innsandcis
}

@proceedings{ijcnn05,
  title        = {2005 {IEEE} International Joint Conference on Neural Networks ({IJCNN'05})},
  year         = 2005,
  booktitle    = {2005 {IEEE} International Joint Conference on Neural Networks ({IJCNN'05})},
  publisher    = ieee,
  editor       = {D. Prokhorov and D. Levine and F. Ham and W. Howell},
  organization = innsandcis
}

@proceedings{ijcnn06,
  title        = {2006 {IEEE} International Joint Conference on Neural Networks ({IJCNN'06})},
  year         = 2006,
  booktitle    = {2006 {IEEE} International Joint Conference on Neural Networks ({IJCNN'06})},
  publisher    = ieee,
  organization = innsandcis
}

% In 2007 they dropped the IEEE from the title
@proceedings{ijcnn07,
  title        = {2007 International Joint Conference on Neural Networks ({IJCNN'07})},
  year         = 2007,
  booktitle    = {2007 International Joint Conference on Neural Networks ({IJCNN'07})},
  publisher    = ieee,
  organization = innsandcis
}

% To add it back in 2008
@proceedings{ijcnn08,
  title        = {2008 {IEEE} International Joint Conference on Neural Networks ({IJCNN'08})},
  year         = 2008,
  booktitle    = {2008 {IEEE} International Joint Conference on Neural Networks ({IJCNN'08})},
  publisher    = ieee,
  organization = innsandcis
}

% And leave it out from 2009 onwards
@proceedings{ijcnn09,
  title        = {2009 International Joint Conference on Neural Networks ({IJCNN'09})},
  year         = 2009,
  booktitle    = {2009 International Joint Conference on Neural Networks ({IJCNN'09})},
  publisher    = ieee,
  organization = innsandcis
}

@proceedings{ijcnn10,
  title        = {2010 International Joint Conference on Neural Networks ({IJCNN'10})},
  year         = 2010,
  booktitle    = {2010 International Joint Conference on Neural Networks ({IJCNN'10})},
  publisher    = ieee,
  organization = innsandcis
}

@proceedings{ijcnn15,
  title        = {2015 International Joint Conference on Neural Networks ({IJCNN'15})},
  year         = 2015,
  booktitle    = {2015 International Joint Conference on Neural Networks ({IJCNN'15})},
  publisher    = ieee,
  organization = innsandcis
}

@proceedings{ijcnn16,
  title        = {2016 International Joint Conference on Neural Networks ({IJCNN'16})},
  booktitle    = {2016 International Joint Conference on Neural Networks ({IJCNN'16})},
  year         = {2016},
  publisher    = ieee,
  organization = innsandcis
}

@proceedings{ijcnn17,
  title        = {2017 International Joint Conference on Neural Networks ({IJCNN'17})},
  year         = 2017,
  booktitle    = {2017 International Joint Conference on Neural Networks ({IJCNN'17})},
  publisher    = ieee,
  editor       = {B. Howell},
  organization = innsandcis
}

@proceedings{ijcnn18,
  title        = {2018 International Joint Conference on Neural Networks ({IJCNN'18})},
  year         = 2018,
  booktitle    = {2018 International Joint Conference on Neural Networks ({IJCNN'18})},
  publisher    = ieee,
  organization = innsandcis
}

@proceedings{ijcnn19,
  title        = {2019 International Joint Conference on Neural Networks ({IJCNN'19})},
  year         = 2019,
  booktitle    = {2019 International Joint Conference on Neural Networks ({IJCNN'19})},
  publisher    = ieee,
  organization = innsandcis
}

@proceedings{ijcnn21,
  title        = {2021 International Joint Conference on Neural Networks ({IJCNN'21})},
  year         = 2021,
  booktitle    = {2021 International Joint Conference on Neural Networks ({IJCNN'21})},
  publisher    = ieee,
  organization = innsandcis
}

@proceedings{ijcv10-journal,
  title     = {International Journal of Computer Vision ({IJCV}'10)},
  year      = 2010,
  booktitle = {International Journal of Computer Vision ({IJCV}'10)},
  publisher = ieee,
  volume    = 90,
  editor    = {Brooks, R. and Kanade, T.}
}


@proceedings{pkdd16-journal,
  title     = {Machine Learning and Knowledge Discovery in Databases ({ECML}/{PKDD}'16)},
  year      = 2016,
  booktitle = {Machine Learning and Knowledge Discovery in Databases ({ECML}/{PKDD}'16)},
  publisher = springer,
  series    = lnai,
  volume    = 9851,
  editor    = {Berendt, B. and Bringmann, B. and Fromont, E. and Garriga, G. and Miettinen, P. and Tatti, N. and Tresp, V.}
}


% The IJCNN is jointly organized by the International Neural Network Society 
% and the IEEE Computational Intelligence Society, see
% https://www.inns.org/ijcnn-home
@proceedings{ijcnn91,
  title        = {1991 {IEEE} International Joint Conference on Neural Networks ({IJCNN}'91)},
  year         = 1991,
  booktitle    = {1991 {IEEE} International Joint Conference on Neural Networks ({IJCNN}'91)},
  publisher    = ieee,
  organization = innsandcis
}

@proceedings{ipsn10,
  title     = {Proceedings of the 9th ACM/IEEE International Conference on Information Processing in Sensor Networks ({IPSN}'10)},
  year      = 2010,
  booktitle = {Proceedings of the 9th ACM/IEEE International Conference on Information Processing in Sensor Networks ({IPSN}'10)},
  publisher = acm
}

@proceedings{ipsn20,
  title     = {Proceedings of the 19th ACM/IEEE International Conference on Information Processing in Sensor Networks ({IPSN}'20)},
  year      = 2020,
  booktitle = {Proceedings of the 19th ACM/IEEE International Conference on Information Processing in Sensor Networks ({IPSN}'20)},
  publisher = acm
}

@proceedings{iros11,
  title     = {International Conference on Intelligent Robots and Systems ({IROS}'11)},
  year      = 2011,
  booktitle = {International Conference on Intelligent Robots and Systems ({IROS}'11)},
  publisher = ieee,
  editor    = {N. Amato}
}

@proceedings{iros12,
  title        = {International Conference on Intelligent Robots and Systems ({IROS}'12)},
  year         = 2012,
  booktitle    = {International Conference on Intelligent Robots and Systems ({IROS}'12)},
  publisher    = ieee,
  organization = {ieeecis}
}

@proceedings{iros17,
  title        = {International Conference on Intelligent Robots and Systems ({IROS}'17)},
  year         = 2017,
  booktitle    = {International Conference on Intelligent Robots and Systems ({IROS}'17)},
  publisher    = ieee,
  organization = {ieeecis}
}

@proceedings{is10,
  title     = {Proceedings of the 11th Annual Conference of the International Speech Communication Association (INTERSPEECH'10)},
  year      = 2010,
  booktitle = {Proceedings of the 11th Annual Conference of the International Speech Communication Association (INTERSPEECH'10)}
}

@proceedings{is20,
  title     = {Proceedings of the 21th Annual Conference of the International Speech Communication Association (INTERSPEECH'20)},
  year      = 2020,
  booktitle = {Proceedings of the 21th Annual Conference of the International Speech Communication Association (INTERSPEECH'20)},
  publisher = {{ISCA}},
  editor    = {H. Meng and B. Xu and T. Zheng}
}

@proceedings{isbi12,
  title     = {ISBI Segmentation Challenge Competition: Abstracts},
  year      = 2012,
  booktitle = {ISBI Segmentation Challenge Competition: Abstracts}
}

@proceedings{iscassw16,
  title     = {the 9th {ISCA} Speech Synthesis Workshop},
  year      = 2016,
  booktitle = {the 9th {ISCA} Speech Synthesis Workshop}
}

@proceedings{itat16,
  title     = {Proceedings of the 16th {ITAT} Conference Information Technologies},
  year      = 2016,
  booktitle = {Proceedings of the 16th {ITAT} Conference Information Technologies},
  volume    = 1649,
  editor    = {Brona Brejov{\'{a}}}
}

@proceedings{iui20,
  title     = {Proceedings of the 25th International Conference on Intelligent User Interfaces ({IUI}'20)},
  year      = 2020,
  booktitle = {Proceedings of the 25th International Conference on Intelligent User Interfaces ({IUI}'20)},
  publisher = {{ACM}},
  editor    = {F. Patern{\`{o}} and N. Oliver and C. Conati and L. D. Spano and N. Tintarev}
}

@proceedings{kdd13,
  title     = {The 19th {ACM} {SIGKDD} International Conference on Knowledge Discovery and Data Mining ({KDD}'13)},
  year      = 2013,
  booktitle = {The 19th {ACM} {SIGKDD} International Conference on Knowledge Discovery and Data Mining ({KDD}'13)},
  publisher = acm,
  editor    = {I. Dhillon and Y. Koren and R. Ghani and T. Senator and P. Bradley and R. Parekh and J. He and R. Grossman and R. Uthurusamy}
}

@proceedings{kdd16,
  title     = {Proceedings of the 22nd {ACM} {SIGKDD} International Conference on Knowledge Discovery and Data Mining ({KDD}'16)},
  year      = 2016,
  booktitle = {Proceedings of the 22nd {ACM} {SIGKDD} International Conference on Knowledge Discovery and Data Mining ({KDD}'16)},
  publisher = acm,
  editor    = {B. Krishnapuram and M. Shah and A. Smola and C. Aggarwal and D. Shen and R. Rastogi}
}

@proceedings{kdd17,
  title     = {Proceedings of the 23rd {ACM} {SIGKDD} International Conference on Knowledge Discovery and Data Mining ({KDD}'17)},
  year      = 2017,
  booktitle = {Proceedings of the 23rd {ACM} {SIGKDD} International Conference on Knowledge Discovery and Data Mining ({KDD}'17)},
  publisher = acm,
  editor    = {S. Matwin and S. Yu and F. Farooq}
}

@proceedings{kdd18,
  title     = {Proceedings of the 24th {ACM} {SIGKDD} International Conference on Knowledge Discovery and Data Mining ({KDD}'18)},
  year      = 2018,
  booktitle = {Proceedings of the 24th {ACM} {SIGKDD} International Conference on Knowledge Discovery and Data Mining ({KDD}'18)},
  publisher = acm,
  editor    = {Y. Guo and F. Farooq}
}

@proceedings{kdd19,
  title     = {Proceedings of the 25th {ACM} {SIGKDD} International Conference on Knowledge Discovery {\&} Data Mining ({KDD}'19)},
  year      = 2019,
  booktitle = {Proceedings of the 25th {ACM} {SIGKDD} International Conference on Knowledge Discovery {\&} Data Mining ({KDD}'19)},
  publisher = acm,
  editor    = {A. Teredesai and V. Kumar and Y. Li and R. Rosales and E. Terzi and G. Karypis}
}

@proceedings{kdd20,
  title     = {Proceedings of the 26th {ACM} {SIGKDD} International Conference on Knowledge Discovery and Data Mining ({KDD}'20)},
  year      = 2020,
  booktitle = {Proceedings of the 26th {ACM} {SIGKDD} International Conference on Knowledge Discovery and Data Mining ({KDD}'20)},
  publisher = acm,
  editor    = {J. Tang and B. Prakash}
}

@proceedings{kdd21,
  title     = {Proceedings of the 27th {ACM} {SIGKDD} International Conference on Knowledge Discovery and Data Mining ({KDD}'21)},
  year      = 2021,
  booktitle = {Proceedings of the 27th {ACM} {SIGKDD} International Conference on Knowledge Discovery and Data Mining ({KDD}'21)},
  publisher = acm,
  editor    = {Z. Feida and C. Beng and M. Chunyan and W. Haixun and S. Iryna and H. Wynne and C. Sanjay}
}

@proceedings{kdd22,
  title     = {Proceedings of the 28th {ACM} {SIGKDD} International Conference on Knowledge Discovery and Data Mining ({KDD}'22)},
  year      = 2022,
  booktitle = {Proceedings of the 28th {ACM} {SIGKDD} International Conference on Knowledge Discovery and Data Mining ({KDD}'22)},
  publisher = acm,
  editor    = {A. Zhang and H. Rangwala}
}

@proceedings{kdd99,
  title     = {The 5th {ACM} {SIGKDD} International Conference on Knowledge Discovery and Data Mining ({KDD}'99)},
  year      = 1999,
  booktitle = {The 5th {ACM} {SIGKDD} International Conference on Knowledge Discovery and Data Mining ({KDD}'99)},
  publisher = acm,
  editor    = {U. Fayyad and S. Chaudhuri and D. Madigan}
}

@proceedings{kddcup09,
  title     = {Proceedings of KDD-Cup 2009 Competition},
  year      = 2009,
  booktitle = {Proceedings of KDD-Cup 2009 Competition},
  volume    = 7,
  editor    = {G. Dror and M. Boullé and I. Guyon and V. Lemaire and D. Vogel}
}

@proceedings{ki20,
  title     = {Proceedings of the 43rd German Conference on AI ({KI}'20)},
  year      = 2020,
  booktitle = {Proceedings of the 43rd German Conference on AI ({KI}'20)},
  publisher = {Springer},
  series    = {Lecture Notes in Computer Science},
  volume    = 12325,
  editor    = {U. Schmid and F. Klügl and D. Wolter}
}

@proceedings{lifschitz12,
  title     = {Correct Reasoning - Essays on Logic-Based {AI} in Honour of Vladimir Lifschitz},
  year      = 2012,
  booktitle = {Correct Reasoning - Essays on Logic-Based {AI} in Honour of Vladimir Lifschitz},
  publisher = springer,
  series    = lncs,
  volume    = 7265,
  editor    = {E. Erdem and J. Lee and Y. Lierler and D. Pearce}
}

@proceedings{lion07,
  title     = {Proceedings of the International Conference on  Learning and Intelligent Optimization ({LION})},
  year      = 2008,
  booktitle = {Proceedings of the International Conference on Learning and Intelligent Optimization ({LION})},
  publisher = springer,
  series    = lncs,
  volume    = 5313,
  editor    = {V. Maniezzo and R. Battiti and J. Watson}
}

@proceedings{lion09,
  title     = {Proceedings of the International Conference on  Learning and Intelligent Optimization ({LION})},
  year      = 2009,
  booktitle = {Proceedings of the International Conference on Learning and Intelligent Optimization ({LION})},
  publisher = springer,
  series    = lncs,
  volume    = 5851,
  editor    = {T. Stützle}
}

@proceedings{lion10,
  title     = {Proceedings of the Fourth International Conference on Learning and Intelligent Optimization ({LION}'10)},
  year      = 2010,
  booktitle = {Proceedings of the Fourth International Conference on Learning and Intelligent Optimization ({LION}'10)},
  publisher = springer,
  series    = lncs,
  volume    = 6073,
  editor    = {C. Blum}
}

@proceedings{lion11,
  title     = {Proceedings of the Fifth International Conference on Learning and Intelligent Optimization ({LION}'11)},
  year      = 2011,
  booktitle = {Proceedings of the Fifth International Conference on Learning and Intelligent Optimization ({LION}'11)},
  publisher = springer,
  series    = lncs,
  volume    = 6683,
  editor    = {C. Coello}
}

@proceedings{lion12,
  title     = {Proceedings of the Sixth International Conference on Learning and Intelligent Optimization ({LION}'12)},
  year      = 2012,
  booktitle = {Proceedings of the Sixth International Conference on Learning and Intelligent Optimization ({LION}'12)},
  publisher = springer,
  series    = lncs,
  volume    = 7219,
  editor    = {Y. Hamadi and M. Schoenauer}
}

@proceedings{lion13,
  title     = {Proceedings of the Seventh International Conference on Learning and Intelligent Optimization ({LION}'13)},
  year      = 2013,
  booktitle = {Proceedings of the Seventh International Conference on Learning and Intelligent Optimization ({LION}'13)},
  publisher = springer,
  series    = lncs,
  volume    = 7997,
  editor    = {P. Pardalos and G. Nicosia}
}

@proceedings{lion14,
  title     = {Proceedings of the Eighth International Conference on Learning and Intelligent Optimization ({LION}'14)},
  year      = 2014,
  booktitle = {Proceedings of the Eighth International Conference on Learning and Intelligent Optimization ({LION}'14)},
  publisher = springer,
  series    = lncs,
  editor    = {P. Pardalos and M. Resende}
}

@proceedings{lion15,
  title     = {Proceedings of the Nineth International Conference on Learning and Intelligent Optimization ({LION}'15)},
  year      = 2015,
  booktitle = {Proceedings of the Nineth International Conference on Learning and Intelligent Optimization ({LION}'15)},
  publisher = springer,
  series    = lncs,
  editor    = {C. Dhaenens and L. Jourdan and M. Marmion}
}

@proceedings{lion16,
  title     = {Proceedings of the Tenth International Conference on Learning and Intelligent Optimization ({LION}'16)},
  year      = 2016,
  booktitle = {Proceedings of the Tenth International Conference on Learning and Intelligent Optimization ({LION}'16)},
  publisher = springer,
  series    = lncs,
  editor    = {P. Festa and M. Sellmann and J. Vanschoren}
}

@proceedings{lion17,
  title     = {Proceedings of the 11th International Conference on Learning and Intelligent Optimization ({LION}'17)},
  year      = 2017,
  booktitle = {Proceedings of the 11th International Conference on Learning and Intelligent Optimization ({LION}'17)},
  publisher = springer,
  series    = lncs,
  volume    = 10556,
  editor    = {R. Battiti and D. Kvasov and Y. Sergeyev}
}

@proceedings{lion18,
  title     = {Proceedings of the International Conference on Learning and Intelligent Optimization ({LION})},
  year      = 2018,
  booktitle = {Proceedings of the International Conference on Learning and Intelligent Optimization ({LION})},
  publisher = springer,
  series    = lncs,
  editor    = {R. Battiti and M. Brunato and I. Kotsireas and P. Pardalos}
}

@proceedings{lpnmr11,
  title     = {Proceedings of the Eleventh International Conference on Logic Programming and Nonmonotonic Reasoning ({LPNMR}'11)},
  year      = 2011,
  booktitle = {Proceedings of the Eleventh International Conference on Logic Programming and Nonmonotonic Reasoning ({LPNMR}'11)},
  publisher = springer,
  series    = lncs,
  volume    = 6645,
  editor    = {J. Delgrande and W. Faber}
}

@proceedings{lpnmr13,
  title     = {Proceedings of the Twelfth International Conference on Logic Programming and Nonmonotonic Reasoning ({LPNMR}'13)},
  year      = 2013,
  booktitle = {Proceedings of the Twelfth International Conference on Logic Programming and Nonmonotonic Reasoning ({LPNMR}'13)},
  publisher = springer,
  series    = lncs,
  volume    = 8148,
  editor    = {P. Cabalar and T. Son}
}

@proceedings{metalearn19,
  title     = {Neur{IP}S 2019 Workshop on Meta-Learning},
  year      = 2019,
  booktitle = {Neur{IP}S 2019 Workshop on Meta-Learning},
  editor    = {R. Calandra and I. Clavera and F. Hutter and J. Vanschoren and J. Wang}
}

@proceedings{metalearn20,
  title     = {Neur{IP}S 2020 Workshop on Meta-Learning},
  year      = 2020,
  booktitle = {Neur{IP}S 2020 Workshop on Meta-Learning},
  editor    = {R. Calandra and J. Clune and E. Grant and J. Schwarz and J. Vanschoren and F. Visin and J. Wang}
}

@proceedings{metalearn22,
  title     = {Neur{IP}S 2022 Workshop on Meta-Learning},
  year      = 2022,
  booktitle = {Neur{IP}S 2022 Workshop on Meta-Learning},
  editor    = {F. Ferreira and Q. Lei and E. Triantafillou and J. Vanschoren and H. Yao}
}

@proceedings{metasel14,
  title     = {Proceedings of the International Workshop on Meta-learning and Algorithm Selection co-located with 21st European Conference on Artificial Intelligence, {MetaSel@ECAI}'14},
  year      = 2014,
  booktitle = {Proceedings of the International Workshop on Meta-learning and Algorithm Selection co-located with 21st European Conference on Artificial Intelligence, {MetaSel@ECAI}'14},
  publisher = {CEUR-WS.org},
  series    = {{CEUR} Workshop Proceedings},
  volume    = 1201,
  editor    = {J. Vanschoren and P. Brazdil and C. Soares and L. Kotthoff}
}

@proceedings{mic13,
  title     = {Proceedings of the 10th Metaheuristics International Conference ({MIC}'13)},
  year      = 2013,
  booktitle = {Proceedings of the 10th Metaheuristics International Conference ({MIC}'13)},
  editor    = {H. Lau}
}

@proceedings{mldmpr12,
  title     = {Machine Learning and Data Mining in Pattern Recognition},
  year      = 2012,
  booktitle = {Machine Learning and Data Mining in Pattern Recognition},
  publisher = springer,
  series    = lncs,
  volume    = 7376,
  editor    = {P. Perner}
}

@proceedings{mlobd15,
  title     = {Machine Learning, Optimization, and Big Data - First International Workshop},
  year      = 2015,
  booktitle = {Machine Learning, Optimization, and Big Data - First International Workshop},
  publisher = springer,
  editor    = {P. Pardalos and M. Pavone and G. Farinella and V. Cutello}
}

@proceedings{mlsys20,
  title     = {Proceedings of Machine Learning and Systems 2},
  year      = 2020,
  booktitle = {Proceedings of Machine Learning and Systems 2},
  volume    = 2,
  editor    = {I. Dhillon and D. Papailiopoulos and V. Sze}
}

@proceedings{mlsys21,
  title     = {Proceedings of Machine Learning and Systems 3},
  year      = 2021,
  booktitle = {Proceedings of Machine Learning and Systems 3},
  volume    = 3,
  editor    = {A. Smola and A. Dimakis and I. Stoica}
}

@proceedings{nasws20,
  title     = {Proceedings of the 1st workshop on neural architecture search@{ICLR}'20},
  year      = 2020,
  booktitle = {Proceedings of the 1st workshop on neural architecture search@{ICLR}'20},
  editor    = {F. Hutter and A. Klein and L.Li and J. Metzen and N. Naik and A. Zela}
}

@proceedings{neurips18,
  title     = {Proceedings of the 31st International Conference on Advances in Neural Information Processing Systems ({N}eur{IPS}'18)},
  year      = 2018,
  booktitle = {Proceedings of the 31st International Conference on Advances in Neural Information Processing Systems ({N}eur{IPS}'18)},
  publisher = curran,
  editor    = {S. Bengio and H. Wallach and H. Larochelle and K. Grauman and N. Cesa{-}Bianchi and R. Garnett}
}

@proceedings{neurips19,
  title     = {Proceedings of the 33rd International Conference on Advances in Neural Information Processing Systems ({N}eur{IPS}'19)},
  year      = 2019,
  booktitle = {Proceedings of the 33rd International Conference on Advances in Neural Information Processing Systems ({N}eur{IPS}'19)},
  publisher = curran,
  editor    = {H. Wallach and H. Larochelle and A. Beygelzimer and F. d'Alche-Buc and E. Fox and R. Garnett}
}

@proceedings{neurips20,
  title     = {Proceedings of the 34th International Conference on Advances in Neural Information Processing Systems ({N}eur{IPS}'20)},
  year      = 2020,
  booktitle = {Proceedings of the 34th International Conference on Advances in Neural Information Processing Systems ({N}eur{IPS}'20)},
  publisher = curran,
  editor    = {H. Larochelle and M. Ranzato and R. Hadsell and M.-F. Balcan and H. Lin}
}

@proceedings{neurips21,
  title     = {Proceedings of the 35th International Conference on Advances in Neural Information Processing Systems ({N}eur{IPS}'21)},
  year      = 2021,
  booktitle = {Proceedings of the 35th International Conference on Advances in Neural Information Processing Systems ({N}eur{IPS}'21)},
  publisher = curran,
  editor    = {M. Ranzato and A. Beygelzimer and K. Nguyen and P. Liang and J. Vaughan and Y. Dauphin}
}

@proceedings{neurips22,
  title     = {Proceedings of the 36th International Conference on Advances in Neural Information Processing Systems ({N}eur{IPS}'22)},
  year      = 2022,
  booktitle = {Proceedings of the 36th International Conference on Advances in Neural Information Processing Systems ({N}eur{IPS}'22)},
  publisher = curran,
  editor    = {S. Koyejo and S. Mohamed and A. Agarwal and D. Belgrave and K. Cho and A. Oh}
}

@proceedings{neurips87,
  title     = {Proceedings of Conference on Neural Information Processing Systems ({N}eur{IPS}'87)},
  year      = 1987,
  booktitle = {Proceedings of Conference on Neural Information Processing Systems ({N}eur{IPS}'87)},
  publisher = {American Institute of Physics},
  editor    = {D. Anderson}
}

@proceedings{neurips91,
  title     = {Proceedings of the 4th International Conference on Advances in Neural Information Processing Systems ({N}eur{IPS}'91)},
  year      = 1991,
  booktitle = {Proceedings of the 4th International Conference on Advances in Neural Information Processing Systems ({N}eur{IPS}'91)},
  publisher = kaufmann,
  editor    = {J. Moody and S. Hanson and R. Lippmann}
}

@proceedings{neuripscd20,
  title     = {Proceedings of the Neural Information Processing Systems Track Competition and Demonstration},
  year      = 2020,
  booktitle = {Proceedings of the Neural Information Processing Systems Track Competition and Demonstration},
  publisher = curran,
  editor    = {H. Escalante and K. Hofmann}
}

@proceedings{neuripsdbt21,
  title     = {Proceedings of the Neural Information Processing Systems Track on Datasets and Benchmarks},
  year      = 2021,
  booktitle = {Proceedings of the Neural Information Processing Systems Track on Datasets and Benchmarks},
  publisher = curran,
  editor    = {J. Vanschoren and S. Yeung}
}

@proceedings{neuripsdbt22,
  title     = {Proceedings of the Neural Information Processing Systems Track on Datasets and Benchmarks},
  year      = 2022,
  booktitle = {Proceedings of the Neural Information Processing Systems Track on Datasets and Benchmarks}
}
@proceedings{nips88,
  title     = {Proceedings of the 2nd International Conference on Advances in Neural Information Processing Systems ({N}eur{IPS}'88)},
  year      = 1988,
  booktitle = {Advances in Neural Information Processing Systems},
  publisher = {{MIT} Press},
  editor    = {Morgan. Kaufmann}
}
@proceedings{nips03,
  title     = {Proceedings of the 17th International Conference on Advances in Neural Information Processing Systems ({N}eur{IPS}'03)},
  year      = 2003,
  booktitle = {Proceedings of the 17th International Conference on Advances in Neural Information Processing Systems ({N}eur{IPS}'03)},
  publisher = {{MIT} Press},
  editor    = {S. Thrun and L. Saul and B. Schölkopf}
}

@proceedings{nips05,
  title     = {Proceedings of the 19th International Conference on Advances in Neural Information Processing Systems ({N}eur{IPS}'05)},
  year      = 2005,
  booktitle = {Proceedings of the 19th International Conference on Advances in Neural Information Processing Systems ({N}eur{IPS}'05)}
}

@proceedings{nips07,
  title     = {Proceedings of the 21st International Conference on Advances in Neural Information Processing Systems ({N}eur{IPS}'07)},
  year      = 2007,
  booktitle = {Proceedings of the 21st International Conference on Advances in Neural Information Processing Systems ({N}eur{IPS}'07)},
  publisher = curran,
  editor    = {J. Platt and D. Koller and Y. Singer and S. Roweis}
}

@proceedings{nips10,
  title     = {Proceedings of the 24th International Conference on Advances in Neural Information Processing Systems ({N}eur{IPS}'10)},
  year      = 2010,
  booktitle = {Proceedings of the 24th International Conference on Advances in Neural Information Processing Systems ({N}eur{IPS}'10)},
  publisher = curran,
  editor    = {J. Lafferty and  C. Williams and J. Shawe{-}Taylor and R. Zemel and A. Culotta}
}

@proceedings{nips11,
  title     = {Proceedings of the 25th International Conference on Advances in Neural Information Processing Systems ({N}eur{IPS}'11)},
  year      = 2011,
  booktitle = {Proceedings of the 25th International Conference on Advances in Neural Information Processing Systems ({N}eur{IPS}'11)},
  publisher = curran,
  editor    = {J. Shawe-Taylor and R. Zemel and P. Bartlett and F. Pereira and K. Weinberger}
}

@proceedings{nips12,
  title     = {Proceedings of the 26th International Conference on Advances in Neural Information Processing Systems ({N}eur{IPS}'12)},
  year      = 2012,
  booktitle = {Proceedings of the 26th International Conference on Advances in Neural Information Processing Systems ({N}eur{IPS}'12)},
  publisher = curran,
  editor    = {P. Bartlett and F. Pereira and C. Burges and L. Bottou and K. Weinberger}
}

@proceedings{nips13,
  title     = {Proceedings of the 27th International Conference on Advances in Neural Information Processing Systems ({N}eur{IPS}'13)},
  year      = 2013,
  booktitle = {Proceedings of the 27th International Conference on Advances in Neural Information Processing Systems ({N}eur{IPS}'13)},
  publisher = curran,
  editor    = {C. Burges and L. Bottou and M. Welling and Z. Ghahramani and K. Weinberger}
}

@proceedings{nips14,
  title     = {Proceedings of the 28th International Conference on Advances in Neural Information Processing Systems ({N}eur{IPS}'14)},
  year      = 2014,
  booktitle = {Proceedings of the 28th International Conference on Advances in Neural Information Processing Systems ({N}eur{IPS}'14)},
  publisher = curran,
  editor    = {Z. Ghahramani and M. Welling and C. Cortes and N. Lawrence and K. Weinberger}
}

@proceedings{nips15,
  title     = {Proceedings of the 29th International Conference on Advances in Neural Information Processing Systems ({N}eur{IPS}'15)},
  year      = 2015,
  booktitle = {Proceedings of the 29th International Conference on Advances in Neural Information Processing Systems ({N}eur{IPS}'15)},
  publisher = curran,
  editor    = {C. Cortes and N. Lawrence and D. Lee and M. Sugiyama and R. Garnett}
}

@proceedings{nips16,
  title     = {Proceedings of the 30th International Conference on Advances in Neural Information Processing Systems ({N}eur{IPS}'16)},
  year      = 2016,
  booktitle = {Proceedings of the 30th International Conference on Advances in Neural Information Processing Systems ({N}eur{IPS}'16)},
  publisher = curran,
  editor    = {D. Lee and M. Sugiyama and U. von Luxburg and I. Guyon and R. Garnett}
}

@proceedings{nips17,
  title     = {Proceedings of the 31st International Conference on Advances in Neural Information Processing Systems ({N}eur{IPS}'17)},
  year      = 2017,
  booktitle = {Proceedings of the 31st International Conference on Advances in Neural Information Processing Systems ({N}eur{IPS}'17)},
  publisher = curran,
  editor    = {I. Guyon and U. von Luxburg and S. Bengio and H. Wallach and R. Fergus and S. Vishwanathan and R. Garnett}
}

@proceedings{nips93,
  title     = {Proceedings of the 7th International Conference on Advances in Neural Information Processing Systems ({N}eur{IPS}'93)},
  year      = 1993,
  booktitle = {Proceedings of the 7th International Conference on Advances in Neural Information Processing Systems ({N}eur{IPS}'93)},
  publisher = kaufmann,
  editor    = {J. D. Cowan and G. Tesauro and J. Alspector}
}

@proceedings{nips94,
  title     = {Proceedings of the 8th International Conference on Advances in Neural Information Processing Systems ({N}eur{IPS}'94)},
  year      = 1994,
  booktitle = {Proceedings of the 8th International Conference on Advances in Neural Information Processing Systems ({N}eur{IPS}'94)},
  publisher = kaufmann,
  editor    = {J. D. Cowan and G. Tesauro and J. Alspector}
}

@proceedings{nips99,
  title     = {Proceedings of the 13th International Conference on Advances in Neural Information Processing Systems ({N}eur{IPS}'99)},
  year      = 1999,
  booktitle = {Proceedings of the 13th International Conference on Advances in Neural Information Processing Systems ({N}eur{IPS}'99)},
  publisher = {The {MIT} Press},
  editor    = {S. Solla and T. Leen and K. M{\"{u}}ller}
}

@proceedings{nipswsgp22,
  title     = {{N}eur{IPS} Workshop on Gaussian Processes, Spatiotemporal Modeling, and Decision-making Systems},
  booktitle = {{N}eur{IPS} Workshop on Gaussian Processes, Spatiotemporal Modeling, and Decision-making Systems},
  year      = {2022},
  editor    = {T. Broderick and C. H. Ek and S. Flaxman and Z. Ghahramani and E. Khan and A. Krause}
}

@proceedings{osdi18,
  title     = {Proceedings of the 19th 13th USENIX Symposium on Operating Systems Design and Implementation ({OSDI}'18)},
  year      = 2018,
  booktitle = {Proceedings of the 19th 13th USENIX Symposium on Operating Systems Design and Implementation ({OSDI}'18)},
  publisher = {USENIX Association},
  editor    = {A. Arpaci-Dusseau and G. Voelker}
}

@proceedings{ottc75,
  title     = {Optimization Techniques IFIP Technical Conference 1974)},
  year      = 1975,
  booktitle = {Optimization Techniques IFIP Technical Conference 1974},
  publisher = {Springer},
  editor    = {G. Marchuk}
}

@proceedings{pact14,
  title     = {Proceedings of the International Conference on Parallel Architectures and Compilation ({PACT})},
  year      = 2014,
  booktitle = {Proceedings of the International Conference on Parallel Architectures and Compilation ({PACT})},
  publisher = {{ACM}},
  editor    = {J. Amaral and J. Torrellas}
}

@proceedings{padl12,
  title     = {Proceedings of the 14th International Symposium on Practical Aspects of Declarative Languages ({PADL}'12)},
  year      = 2012,
  booktitle = {Proceedings of the 14th International Symposium on Practical Aspects of Declarative Languages ({PADL}'12)},
  publisher = springer,
  editor    = {C. Russo and N. Zhou}
}

@proceedings{pakdd17_part2,
  title     = {Advances in {Knowledge} {Discovery} and {Data} {Mining} ({PAKDD}'17)},
  year      = 2017,
  booktitle = {Advances in {Knowledge} {Discovery} and {Data} {Mining} ({PAKDD}'17)},
  series    = lnai,
  volume    = 10235,
  editor    = {Jinho Kim and Kyuseok Shim and Longbing Cao and Jae-Gil Lee and Xuemin Lin and Yang-Sae Moon}
}

@proceedings{patat08,
  title     = {Proceedings of the Seventh International Conference on the Practice and Theory of Automated Timetabling},
  year      = 2008,
  booktitle = {Proceedings of the Seventh International Conference on the Practice and Theory of Automated Timetabling},
  editor    = {M. Gendreau and E. Burke}
}

@proceedings{pkdd00,
  title     = {Principles of Data Mining and Knowledge Discovery},
  year      = 2000,
  booktitle = {Principles of Data Mining and Knowledge Discovery},
  publisher = springer,
  series    = lncs,
  volume    = 1910,
  editor    = {D. Zighed and J. Komorowski and J. Żytkow}
}

@proceedings{pkdd13,
  title     = {Machine Learning and Knowledge Discovery in Databases ({ECML}/{PKDD}'13)},
  year      = 2013,
  booktitle = {Machine Learning and Knowledge Discovery in Databases ({ECML}/{PKDD}'13)},
  publisher = {Springer},
  series    = lncs,
  volume    = 8190,
  editor    = {H. Blockeel and K. Kersting and S. Nijssen and F. Zelezn{\'y}}
}

@proceedings{pkdd15,
  title     = {Machine Learning and Knowledge Discovery in Databases ({ECML}/{PKDD}'15)},
  year      = 2015,
  booktitle = {Machine Learning and Knowledge Discovery in Databases ({ECML}/{PKDD}'15)},
  publisher = {Springer},
  series    = lncs,
  volume    = 9285,
  editor    = {A. Appice and P. Rodrigues and V. Costa and J. Gama and A. Jorge and C. Soares}
}

@proceedings{pkdd16,
  title     = {Machine Learning and Knowledge Discovery in Databases ({ECML}/{PKDD}'16)},
  year      = 2016,
  booktitle = {Machine Learning and Knowledge Discovery in Databases ({ECML}/{PKDD}'16)},
  publisher = springer,
  series    = lncs,
  editor    = {F. Paolo and N. Landwehr and G. Manco and J. Vreeken}
}

@proceedings{pkdd17,
  title     = {Machine Learning and Knowledge Discovery in Databases ({ECML}/{PKDD}'17)},
  year      = 2017,
  booktitle = {Machine Learning and Knowledge Discovery in Databases ({ECML}/{PKDD}'17)},
  publisher = springer,
  series    = lncs,
  volume    = 10534,
  editor    = {Ceci, M. and Hollmen, J. and Todorovski, L. and Vens, C. and Džeroski, S.}
}

@proceedings{pkdd19,
  title     = {Machine Learning and Knowledge Discovery in Databases ({ECML}/{PKDD}'19)},
  year      = 2020,
  booktitle = {Machine Learning and Knowledge Discovery in Databases ({ECML}/{PKDD}'19)},
  publisher = springer,
  series    = ccis,
  volume    = 1167,
  editor    = {Cellier, P. and Driessens, K.}
}

@proceedings{pkdd20,
  title     = {Machine Learning and Knowledge Discovery in Databases ({ECML}/{PKDD}'20)},
  year      = 2021,
  booktitle = {Machine Learning and Knowledge Discovery in Databases ({ECML}/{PKDD}'20)},
  publisher = springer,
  series    = lncs,
  volume    = 12459,
  editor    = {F. Hutter and K. Kersting and J. Lijffijt and I. Valera}
}

@proceedings{pkdd21,
  title     = {Machine Learning and Knowledge Discovery in Databases ({ECML}/{PKDD}'21)},
  year      = 2021,
  booktitle = {Machine Learning and Knowledge Discovery in Databases ({ECML}/{PKDD}'21)},
  publisher = springer,
  series    = lncs,
  volume    = 12975,
  editor    = {N. Oliver and F. Pérez-Cruz and S. Kramer and J. Read and J. Lozano}
}

@proceedings{ppsn10,
  title     = {Proceedings of the 11th International Conference on Parallel Problem Solving from Nature ({PPSN}'10)},
  year      = 2010,
  booktitle = {Proceedings of the 11th International Conference on Parallel Problem Solving from Nature ({PPSN}'10)},
  publisher = springer,
  series    = lncs,
  editor    = {R. Schaefer and C. Cotta and J. Kolodziej and G. Rudolph}
}

@proceedings{ppsn18,
  title     = {Proceedings of the 15th International Conference on Parallel Problem Solving from Nature ({PPSN}'18)},
  year      = 2018,
  booktitle = {Proceedings of the 15th International Conference on Parallel Problem Solving from Nature ({PPSN}'18)},
  editor    = {A. Auger and C. Fonseca and N. Louren{\c{c}}o and P. Machado and L. Paquete and L. Darrell Whitley}
}

@proceedings{ppsn20,
  title     = {Proceedings of the Sixteenth International Conference on Parallel Problem Solving from Nature ({PPSN}'20)},
  year      = 2020,
  booktitle = {Proceedings of the Sixteenth International Conference on Parallel Problem Solving from Nature ({PPSN}'20)},
  publisher = springer,
  series    = lncs,
  editor    = {T. Bäck and M. Preuss and A. Deutz and H. Wang and C. Doerr and M. Emmerich and H. Trautmann}
}

@proceedings{ppsn22,
  title     = {Proceedings of the Sixteenth International Conference on Parallel Problem Solving from Nature ({PPSN}'22)},
  year      = 2022,
  booktitle = {Proceedings of the Sixteenth International Conference on Parallel Problem Solving from Nature ({PPSN}'22)},
  publisher = springer,
  series    = lncs,
  editor    = {G. Rudolph and A. V. Kononova and H. Aguirre and P. Kerschke and G. Ochoa and T. Tusar}
}

@proceedings{practicaldl22,
  title     = {AAAI 1st International Workshop on Practical Deep Learning in the Wild '22},
  year      = 2022,
  booktitle = {AAAI 1st International Workshop on Practical Deep Learning in the Wild '22},
  editor    = {H. Qin and Y. Li and R. Gong and X. Chen and A. Liu and X. Dong}
}

@proceedings{pricai18,
  title     = {Proceedings of the 15th Pacific Rim International Conference on Artificial Intelligence ({PRICAI}'18)},
  year      = 2018,
  booktitle = {Proceedings of the 15th Pacific Rim International Conference on Artificial Intelligence ({PRICAI}'18)},
  publisher = springer,
  series    = lncs,
  editor    = {X. Geng and B. Kang}
}

@proceedings{prl20,
  title     = {Workshop on Bridging the Gap Between AI Planning and Reinforcement Learning ({PRL}@{ICAPS}'20)},
  year      = 2020,
  booktitle = {Workshop on Bridging the Gap Between AI Planning and Reinforcement Learning ({PRL}@{ICAPS}'20)},
  editor    = {M. Katz and H. Palacios and A. Fern and V. G\'{o}mez and A. Jonsson and S. Sanner}
}

@proceedings{prl22,
  title     = {Workshop on Bridging the Gap Between AI Planning and Reinforcement Learning (PRL@ICAPS'22)},
  year      = 2022,
  booktitle = {Workshop on Bridging the Gap Between AI Planning and Reinforcement Learning (PRL@ICAPS'22)},
  editor    = {M. Katz and H. Palacios and V. G\'{o}mez}
}

@proceedings{psb18,
  title     = {Proceedings of the Pacific Symposium in Biocomputing 2018},
  year      = 2018,
  booktitle = {Proceedings of the Pacific Symposium in Biocomputing 2018},
  publisher = {{W}orld {S}cientific}
}

@proceedings{rcra11,
  title     = {Proceedings of the RCRA workshop at IJCAI 2011},
  year      = 2011,
  booktitle = {Proceedings of the RCRA workshop at IJCAI 2011},
  editor    = {M. Gavanelli and T. Mancini}
}

@proceedings{realml22,
  title     = {{ICML} Workshop on Adaptive Experimental Design and Active Learning in the Real World (ReALML Workshop 2022)},
  year      = 2022,
  booktitle = {{ICML} Adaptive Experimental Design and Active Learning in the Real World (ReALML Workshop 2022)},
  editor    = {M. Mutny and I. Bogunovic and W. Neiswanger and S. Ermon and Y. Yue and A. Krause}
}

@proceedings{recsys19,
  title     = {Proceedings of the 13th ACM Conference on Recommender Systems ({RecSys}'19)},
  year      = 2019,
  booktitle = {Proceedings of the 13th ACM Conference on Recommender Systems ({RecSys}'19)},
  publisher = {{ACM}},
  editor    = {H. Schäfer}
}

@proceedings{sat00,
  title     = {Proceedings of the 3rd Workshop on Satisfiability ({SAT}'00)},
  year      = 2000,
  booktitle = {3rd Workshop on Satisfiability ({SAT})},
  publisher = {IOS Press},
  editor    = {I. Gent and H. Maaren and T. Walsh}
}

@proceedings{sat03,
  title     = {Proceedings of the Seventh conference on Theory and Applications of Satisfiability Testing ({SAT}'04)},
  year      = 2004,
  booktitle = {Proceedings of the Seventh conference on Theory and Applications of Satisfiability Testing ({SAT}'04)},
  publisher = springer,
  series    = lncs,
  volume    = 2919,
  editor    = {E. Giunchiglia and A. Tacchella}
}

@proceedings{sat09,
  title     = {Proceedings of the Twelfth International Conference on Theory and Applications of Satisfiability Testing ({SAT}'09)},
  year      = 2009,
  booktitle = {Proceedings of the Twelfth International Conference on Theory and Applications of Satisfiability Testing ({SAT}'09)},
  publisher = springer,
  series    = lncs,
  volume    = 5584,
  editor    = {O. Kullmann}
}

@proceedings{sat12,
  title     = {Proceedings of the Fifteenth International Conference on Theory and Applications of Satisfiability Testing ({SAT}'12)},
  year      = 2012,
  booktitle = {Proceedings of the Fifteenth International Conference on Theory and Applications of Satisfiability Testing ({SAT}'12)},
  publisher = springer,
  series    = lncs,
  volume    = 7317,
  editor    = {A. Cimatti and R. Sebastiani}
}

@proceedings{sat15,
  title     = {Proceedings of the Eighteenth International Conference on Theory and Applications of Satisfiability Testing ({SAT}'15)},
  year      = 2015,
  booktitle = {Proceedings of the Eighteenth International Conference on Theory and Applications of Satisfiability Testing ({SAT}'15)},
  publisher = springer,
  series    = lncs,
  editor    = {M. Heule and S. Weaver}
}

@proceedings{sat16,
  title     = {Proceedings of the Nineteenth International Conference on Theory and Applications of Satisfiability Testing ({SAT}'16)},
  year      = 2016,
  booktitle = {Proceedings of the Nineteenth International Conference on Theory and Applications of Satisfiability Testing ({SAT}'16)},
  publisher = springer,
  series    = lncs,
  editor    = {N. Creignou and D. Le Berre}
}

@proceedings{sat21,
  title     = {Proceedings of the Twenty-fourth International Conference on Theory and Applications of Satisfiability Testing ({SAT}'21)},
  year      = 2021,
  booktitle = {Proceedings of the Twenty-fourth International Conference on Theory and Applications of Satisfiability Testing ({SAT}'21)},
  publisher = springer,
  series    = lncs,
  editor    = {C. Li and F. Many{\`{a}}}
}

@proceedings{satchallenge12,
  title     = {Proceedings of {SAT} Challenge 2012: Solver and Benchmark Descriptions},
  year      = 2012,
  booktitle = {Proceedings of {SAT} Challenge 2012: Solver and Benchmark Descriptions},
  publisher = {University of Helsinki},
  editor    = {A. Balint and A. Belov and D. Diepold and S. Gerber and M. J{\"a}rvisalo and C. Sinz},
  lseries   = {Department of Computer Science Series of Publications B},
  lvolume   = {B-2012-2}
}

@proceedings{satchallenge13,
  title     = {Proceedings of {SAT} Competition 2013: Solver and Benchmark Descriptions},
  year      = 2013,
  booktitle = {Proceedings of {SAT} Competition 2013: Solver and Benchmark Descriptions},
  publisher = {University of Helsinki},
  series    = {Department of Computer Science Series of Publications B},
  volume    = {B-2013-1},
  editor    = {A. Balint and A. Belov and M. Heule and M. J{\"a}rvisalo}
}

@proceedings{satchallenge14,
  title     = {Proceedings of {SAT} Competition 2014: Solver and Benchmark Descriptions},
  year      = 2014,
  booktitle = {Proceedings of {SAT} Competition 2014: Solver and Benchmark Descriptions},
  publisher = {University of Helsinki},
  series    = {Department of Computer Science Series of Publications B},
  volume    = {B-2014-2},
  editor    = {A. Belov and D. Diepold and M. Heule and M. J{\"a}rvisalo}
}

@proceedings{sc11,
  title     = {{P}roceedings of 2011 {I}nternational {C}onference for {H}igh {P}erformance {C}omputing, {N}etworking, {S}torage and {A}nalysis},
  year      = 2011,
  booktitle = {{P}roceedings of 2011 {I}nternational {C}onference for {H}igh {P}erformance {C}omputing, {N}etworking, {S}torage and {A}nalysis},
  publisher = {Association for {C}omputing {M}achinery}
}

@proceedings{scipy10,
  title     = {{P}roceedings of the 9th {P}ython in {S}cience {C}onference},
  year      = 2010,
  booktitle = {{P}roceedings of the 9th {P}ython in {S}cience {C}onference},
  editor    = {S. van der Walt and J. Millman}
}

@proceedings{scipy2014,
  title     = {Proceedings of the 13th {Python} in {Science} {Conference}},
  year      = 2014,
  booktitle = {Proceedings of the 13th {Python} in {Science} {Conference}},
  editor    = {S. van der Walt and J. Bergstra}
}

@proceedings{scipy2017,
  title     = {Proceedings of the 16th {Python} in {Science} {Conference}},
  year      = 2017,
  booktitle = {Proceedings of the 16th {Python} in {Science} {Conference}},
  editor    = {{K}. {H}uff and {D}. {L}ippa and {D}. {N}iederhut and {M}. {P}acer}
}

@proceedings{sgai12,
  title     = {Proceedings of the Thirty-second International Conference on Innovative Techniques and Applications of Artificial Intelligence ({SGAI})},
  year      = 2012,
  publisher = springer,
  editor    = {M. Bramer and M. Petridis}
}

@proceedings{siggraph10,
  title     = {Proceedings of the 2010 Eurographics/{ACM} {SIGGRAPH} Symposium on Computer Animation ({SCA}'10)},
  year      = 2010,
  booktitle = {Proceedings of the 2010 Eurographics/{ACM} {SIGGRAPH} Symposium on Computer Animation ({SCA}'10)},
  publisher = {Eurographics Association},
  editor    = {Z. Popovic and M. Otaduy}
}

@proceedings{sigmetrics04,
  title     = {Proceedings of the joint international conference on Measurement and modeling of computer systems ({SIGMETRICS}'04/{Performance}'04)},
  year      = 2004,
  booktitle = {Proceedings of the joint international conference on Measurement and modeling of computer systems ({SIGMETRICS}'04/{Performance}'04)},
  publisher = acm,
  editor    = {R. Marie}
}

@proceedings{sitis10,
  title     = {Proceedings of Sixth International Conference on Signal-Image Technology and Internet-Based Systems ({SITIS})},
  year      = 2010,
  booktitle = {Proceedings of Sixth International Conference on Signal-Image Technology and Internet-Based Systems ({SITIS})},
  publisher = {{IEEE} Computer Society},
  editor    = {K. Y{\'{e}}tongnon and A. Dipanda and R. Chbeir}
}

@proceedings{socc2015,
  title     = {Proceedings of the {Sixth} {ACM} {Symposium} on {Cloud} {Computing} - {So{CC}} '15},
  year      = 2015,
  booktitle = {Proceedings of the {Sixth} {ACM} {Symposium} on {Cloud} {Computing} - {So{CC}} '15},
  publisher = acm,
  editor    = {Magdalena Balazinska}
}

@proceedings{socs13,
  title     = {Proceedings of the Sixth Annual Symposium on Combinatorial Search ({SOCS}'14)},
  year      = 2013,
  booktitle = {Proceedings of the Sixth Annual Symposium on Combinatorial Search ({SOCS}'14)},
  publisher = {{AAAI} Press},
  editor    = {M. Helmert and G. R{\"{o}}ger}
}

@proceedings{socs14,
  title     = {Proceedings of the Seventh Annual Symposium on Combinatorial Search ({SOCS}'14)},
  year      = 2014,
  booktitle = {Proceedings of the Seventh Annual Symposium on Combinatorial Search ({SOCS}'14)},
  publisher = {{AAAI} Press},
  editor    = {S. Edelkamp and R. Bart{\'{a}}k}
}

@proceedings{spmb17,
  title     = {The IEEE Signal Processing in Medicine and Biology Symposium},
  year      = 2017,
  booktitle = {The IEEE Signal Processing in Medicine and Biology Symposium},
  publisher = ieee
}

@proceedings{ssci2016,
  title     = {2016 {IEEE} {Symposium} {Series} on {Computational} {Intelligence} ({SSCI})},
  year      = 2016,
  booktitle = {2016 {IEEE} {Symposium} {Series} on {Computational} {Intelligence} ({SSCI})},
  publisher = ieee,
  editor    = {A. Likas}
}

@proceedings{stairs14,
  title     = {Proceedings of the 7th European Starting {AI} Researcher Symposium ({STAIRS}'14)},
  year      = 2014,
  booktitle = {Proceedings of the 7th European Starting {AI} Researcher Symposium ({STAIRS}'14)},
  publisher = {{IOS} Press},
  series    = {Frontiers in Artificial Intelligence and Applications},
  volume    = 264,
  editor    = {U. Endriss and J Leite}
}

@proceedings{stoc04,
  title     = {Proceedings of the Thirty-Sixth Annual ACM Symposium on Theory of Computing ({STOC}'04)},
  year      = 2004,
  booktitle = {Proceedings of the Thirty-Sixth Annual ACM Symposium on Theory of Computing ({STOC}'04)},
  publisher = {ACM}
}

@proceedings{stoc71,
  title     = {Proceedings of the Third Annual {ACM} Symposium on the Theory of Computing ({STOC}'71)},
  year      = 1971,
  booktitle = {Proceedings of the Third Annual {ACM} Symposium on the Theory of Computing ({STOC}'71)},
  publisher = {ACM},
  editor    = {M. Harrison and R. Banerji and J. Ullman}
}

@proceedings{tpami15,
  title     = {IEEE Transactions on Pattern Analysis and Machine Intelligence'15},
  year      = 2015,
  booktitle = {IEEE Transactions on Pattern Analysis and Machine Intelligence'15},
  publisher = {IEEE Computer Society},
  editor    = {D. A. Forsyth}
}

@book{tpami21,
  title     = {IEEE Transactions on Pattern Analysis and Machine Intelligence'21)},
  year      = 2021,
  booktitle = {IEEE Transactions on Pattern Analysis and Machine Intelligence'21)},
  publisher = {IEEE Computer Society},
  editor    = {K. M. Lee}
}

@proceedings{trl22,
  title     = {NeurIPS 2022 First Table Representation Workshop},
  year      = 2022,
  booktitle = {NeurIPS 2022 First Table Representation Workshop},
  editor    = {M. Hulsebos and H. Dong and B. Karlas and L. Orr and P. Yin}
}

@proceedings{tsw17,
  title     = {31st Conference on Neural Information Processing Systems, Time Series Workshop},
  year      = 2017,
  booktitle = {31st Conference on Neural Information Processing Systems, Time Series Workshop}
}

@proceedings{uai00,
  title     = {Proceedings of the 16th conference on Uncertainty in Artificial Intelligence ({UAI}'00)},
  year      = 2000,
  booktitle = {Proceedings of the 16th conference on Uncertainty in Artificial Intelligence ({UAI}'00)},
  publisher = {Morgan Kaufmann Publishers Inc.},
  editor    = {C. Boutilier and M. Goldszmidt}
}

@proceedings{uai01,
  title     = {Proceedings of the 17th conference on Uncertainty in Artificial Intelligence ({UAI}'01)},
  year      = 2001,
  booktitle = {Proceedings of the 17th conference on Uncertainty in Artificial Intelligence ({UAI}'01)},
  publisher = {Morgan Kaufmann Publishers Inc.},
  editor    = {J. Breese and D. Koller}
}

@proceedings{uai07,
  title     = {Proceedings of the 23rd conference on Uncertainty in Artificial Intelligence ({UAI}'07)},
  year      = 2007,
  booktitle = {Proceedings of the 23rd conference on Uncertainty in Artificial Intelligence ({UAI}'07)},
  publisher = {{AUAI} Press},
  editor    = {R. Parr and L. van der Gaag}
}

@proceedings{uai11,
  title     = {Proceedings of the 27th conference on Uncertainty in Artificial Intelligence ({UAI}'11)},
  year      = 2011,
  booktitle = {Proceedings of the 27th conference on Uncertainty in Artificial Intelligence ({UAI}'11)},
  publisher = {{AUAI} Press},
  editor    = {F. Cosman and A. Pfeffer}
}

@proceedings{uai13,
  title     = {Proceedings of the 29th conference on Uncertainty in Artificial Intelligence ({UAI}'13)},
  year      = 2013,
  booktitle = {Proceedings of the 29th conference on Uncertainty in Artificial Intelligence ({UAI}'13)},
  publisher = {{AUAI} Press},
  editor    = {A. Nicholson and P. Smyth}
}

@proceedings{uai14,
  title     = {Proceedings of the 30th conference on Uncertainty in Artificial Intelligence ({UAI}'14)},
  year      = 2014,
  booktitle = {Proceedings of the 30th conference on Uncertainty in Artificial Intelligence ({UAI}'14)},
  publisher = {{AUAI} Press},
  editor    = {N. Zhang and J. Tian}
}

@proceedings{uai16,
  title     = {Proceedings of the 32nd conference on Uncertainty in Artificial Intelligence ({UAI}'16)},
  year      = 2016,
  booktitle = {Proceedings of the 32nd conference on Uncertainty in Artificial Intelligence ({UAI}'16)},
  publisher = {{AUAI} Press},
  editor    = {A. Ihler and D. Janzing}
}

@proceedings{uai19,
  title     = {Proceedings of The 35th Uncertainty in Artificial Intelligence Conference ({UAI}'19)},
  year      = 2019,
  booktitle = {Proceedings of The 35th Uncertainty in Artificial Intelligence Conference ({UAI}'19)},
  publisher = {{AUAI} Press},
  editor    = {R. Adams and V. Gogate}
}

@proceedings{uai20,
  title     = {Proceedings of The 36th Uncertainty in Artificial Intelligence Conference ({UAI}'20)},
  year      = 2020,
  booktitle = {Proceedings of The 36th Uncertainty in Artificial Intelligence Conference ({UAI}'20)},
  publisher = {PMLR},
  editor    = {J. Peters and D. Sontag}
}

@proceedings{uai21,
  title     = {Proceedings of The 37th Uncertainty in Artificial Intelligence Conference ({UAI}'21)},
  year      = 2021,
  booktitle = {Proceedings of The 37th Uncertainty in Artificial Intelligence Conference ({UAI}'21)},
  publisher = {PMLR},
  editor    = {J. Peters and D. Sontag}
}

@proceedings{uai22,
  title     = {Proceedings of The 38th Uncertainty in Artificial Intelligence Conference ({UAI}'22)},
  year      = 2022,
  booktitle = {Proceedings of The 38th Uncertainty in Artificial Intelligence Conference ({UAI}'22)},
  publisher = {PMLR},
  editor    = {C. de Campos and M. Maathuis }
}

@proceedings{udl21,
  title     = {{ICML} Workshop on Uncertainty and Robustness in Deep Learning ({UDL}'21)},
  year      = 2021,
  booktitle = {{ICML} Workshop on Uncertainty and Robustness in Deep Learning ({UDL}'21)},
  editor    = {B. Lakshminarayanan and D. Hendrycks and S. Li and J. Snoek and S. Chiappa and T. Dietterich and S. Nowozin}
}

@proceedings{wacv17,
  title     = {2017 IEEE winter conference on applications of computer vision (WACV)},
  year      = 2017,
  booktitle = {2017 IEEE winter conference on applications of computer vision (WACV)}
}

@proceedings{wacv22,
  title     = {2022 IEEE winter conference on applications of computer vision (WACV)},
  year      = 2022,
  booktitle = {2022 IEEE winter conference on applications of computer vision (WACV)}
}

@proceedings{wi19,
  title     = {IEEE/WIC/ACM International Conference on Web Intelligence ({WI}'19)},
  year      = 2019,
  booktitle = {IEEE/WIC/ACM International Conference on Web Intelligence ({WI}'19)},
  publisher = {Association for Computing Machinery, New York, NY, United States},
  editor    = {P. Barnaghi and G. Gottlob}
}

@proceedings{wsc16,
  title     = {Winter Simulation Conference},
  year      = 2016,
  booktitle = {Winter Simulation Conference},
  editor    = {P. Frazier and T. Roeder and R. Szechtman and E. Zhou}
}