@article{turing1980computing,
	title        = {Computing Machinery and Intelligence.},
	author       = {Turing, Alan M},
	year         = 1980,
	journal      = {Creative Computing},
	publisher    = {ERIC},
	volume       = 6,
	number       = 1,
	pages        = {44--53}
}
@article{kerschke2019automated,
	title        = {Automated algorithm selection: Survey and perspectives},
	author       = {Kerschke, Pascal and Hoos, Holger H and Neumann, Frank and Trautmann, Heike},
	year         = 2019,
	journal      = {Evolutionary computation},
	publisher    = {mIT Press},
	volume       = 27,
	number       = 1,
	pages        = {3--45}
}
@article{samuel2000some,
	title        = {Some studies in machine learning using the game of checkers},
	author       = {Samuel, Arthur L},
	year         = 2000,
	journal      = {IBM Journal of research and development},
	publisher    = {IBM},
	volume       = 44,
	number       = {1.2},
	pages        = {206--226}
}

@inproceedings{Shang18DEEM@SIGMOD,
	title        = {Towards Interactive Curation {\&} Automatic Tuning of {ML} Pipelines},
	author       = {Carsten Binnig and Benedetto Buratti and Yeounoh Chung and Cyrus Cousins and Tim Kraska and Zeyuan Shang and Eli Upfal and Robert C. Zeleznik and Emanuel Zgraggen},
	year         = 2018,
	booktitle    = {Proceedings of the Second Workshop on Data Management for End-To-End Machine Learning, DEEM@SIGMOD 2018},
	pages        = {1:1--1:4}
}
@inproceedings{Shang19SIGMOD,
	title        = {Democratizing Data Science through Interactive Curation of {ML} Pipelines},
	author       = {Zeyuan Shang and Emanuel Zgraggen and Benedetto Buratti and Ferdinand Kossmann and Philipp Eichmann and Yeounoh Chung and Carsten Binnig and Eli Upfal and Tim Kraska},
	year         = 2019,
	series       = {SIGMOD '19},
	pages        = {1171--1188}
}
%booktitle = {Proceedings of the 2019 International Conference on Management of Data},
@inproceedings{Berti20CIDR,
	title        = {Active Reinforcement Learning for Data Preparation: Learn2Clean with Human-In-The-Loop},
	author       = {Laure Berti{-}{\'{E}}quille},
	year         = 2020,
	series       = {CIDR '20}
}
%booktitle = {{CIDR} 2020, 10th Conference on Innovative Data Systems Research,
               Amsterdam, The Netherlands, January 12-15, 2020, Online Proceedings},
@inproceedings{Berti19WWW,
	title        = {Learn2Clean: Optimizing the Sequence of Tasks for Web Data Preparation},
	author       = {Laure Berti{-}{\'{E}}quille},
	year         = 2019,
	series       = {WWW '19},
	pages        = {2580--2586}
}
%booktitle = {The World Wide Web Conference, {WWW} 2019, San Francisco, CA, USA,               May 13-17, 2019},
@inproceedings{Quemy19DOLAP,
	title        = {Data Pipeline Selection and Optimization},
	author       = {Alexandre Quemy},
	year         = 2019,
	booktitle    = {Proceedings of the 21st International Workshop on Design, Optimization, Languages and Analytical Processing of Big Data, co-located with {EDBT/ICDT} Joint Conference, DOLAP@EDBT/ICDT 2019, Lisbon, Portugal, March 26, 2019},
	timestamp    = {Wed, 12 Feb 2020 16:45:02 +0100},
	biburl       = {https://dblp.org/rec/conf/dolap/Quemy19.bib},
	bibsource    = {dblp computer science bibliography, https://dblp.org}
}
@article{Quemy20InfSystems,
	title        = {Two-stage optimization for machine learning workflow},
	author       = {Alexandre Quemy},
	year         = 2020,
	journal      = {Information Systems},
	volume       = 92,
	pages        = 101483,
	issn         = {0306-4379}
}
@misc{autoMLsurveyQuanming,
	title        = {Taking Human out of Learning Applications: A Survey on Automated Machine Learning},
	author       = {Quanming Yao and Mengshuo Wang and Yuqiang Chen and Wenyuan Dai and Yu-Feng Li and Wei-Wei Tu and Qiang Yang and Yang Yu},
	year         = 2018,
	eprint       = {1810.13306},
	archiveprefix = {arXiv},
	primaryclass = {cs.AI}
}
@article{heineken,
	title        = {The Incredible Ways Heineken Uses Big Data, The Internet Of Things And Artificial Intelligence (AI)},
	author       = {Bernard Marr},
	year         = 2019,
	journal      = {Bernard Marr},
	publisher    = {},
	volume       = {},
	number       = {},
	pages        = {}
}
@article{data_driven_marketing,
	title        = {Data-Driven Marketing},
	author       = {Maurice   Mulvenna  and  Marian   Norwood  and  Alex   Büchner},
	year         = 1998,
	journal      = {Electronic Markets},
	publisher    = {Routledge},
	volume       = 8,
	number       = 3,
	pages        = {32--35}
}
@article{naive_bayes,
	title        = {Naive Bayes Models for Probability Estimation},
	author       = {Lowd, Daniel and Domingos, Pedro},
	year         = 2005,
	booktitle    = {Proceedings of the 22nd International Conference on Machine Learning},
	location     = {Bonn, Germany},
	publisher    = {Association for Computing Machinery},
	address      = {New York, NY, USA},
	series       = {ICML ’05},
	pages        = {529–536},
	doi          = {10.1145/1102351.1102418},
	isbn         = 1595931805,
	numpages     = 8
}
@article{iot,
	title        = {Future internet: The Internet of Things},
	author       = {{Lu Tan} and {Neng Wang}},
	year         = 2010,
	month        = {Aug},
	booktitle    = {2010 3rd International Conference on Advanced Computer Theory and Engineering(ICACTE)},
	volume       = 5,
	number       = {},
	pages        = {V5--376-V5--380}
}
@article{machine_learning,
	title        = {Machine-Learning Research},
	author       = {Dietterich, Thomas G.},
	year         = 1997,
	month        = {Dec.},
	journal      = {AI Magazine},
	volume       = 18,
	number       = 4,
	pages        = 97,
	doi          = {10.1609/aimag.v18i4.1324}
}
@article{data_analytics,
	title        = {Trends in big data analytics},
	author       = {Karthik Kambatla and Giorgos Kollias and Vipin Kumar and Ananth Grama},
	year         = 2014,
	journal      = {Journal of Parallel and Distributed Computing},
	volume       = 74,
	number       = 7,
	pages        = {2561--2573},
	doi          = {https://doi.org/10.1016/j.jpdc.2014.01.003},
	issn         = {0743-7315},
	note         = {Special Issue on Perspectives on Parallel and Distributed Processing}
}
@article{k_nearest_neighbor,
	title        = {{K}-nearest neighbor},
	author       = {Peterson, L. E.},
	year         = 2009,
	journal      = {Scholarpedia},
	volume       = 4,
	number       = 2,
	pages        = 1883,
	doi          = {10.4249/scholarpedia.1883},
	note         = {revision \#137311}
}
@article{data_science,
	title        = {Data Science and Prediction},
	author       = {Dhar, Vasant},
	year         = 2013,
	month        = dec,
	journal      = {Commun. ACM},
	publisher    = {Association for Computing Machinery},
	address      = {New York, NY, USA},
	volume       = 56,
	number       = 12,
	pages        = {64–73},
	doi          = {10.1145/2500499},
	issn         = {0001-0782},
	issue_date   = {December 2013},
	numpages     = 10
}
@article{pre_processing,
	title        = {Data Preprocessing for Supervised Learning},
	author       = {Kotsiantis, Sotiris and Kanellopoulos, Dimitris and Pintelas, P.},
	year         = 2006,
	month        = {01},
	journal      = {International Journal of Computer Science},
	volume       = 1,
	pages        = {111--117}
}
@inbook{wot,
	title        = {Towards the Web of Things: Web Mashups for Embedded Devices},
	author       = {Guinard, Dominique and Trifa, Vlad},
	year         = 2009,
	month        = {01},
	journal      = {Book Towards the Web of Things: Web Mashups for Embedded Devices},
	pages        = {1506--1518}
}
@article{pervasive,
	title        = {Pervasive computing: vision and challenges},
	author       = {M. {Satyanarayanan}},
	year         = 2001,
	month        = {Aug},
	journal      = {IEEE Personal Communications},
	volume       = 8,
	number       = 4,
	pages        = {10--17},
	doi          = {10.1109/98.943998},
	issn         = {1558-0652},
	keywords     = {mobile computing;distributed processing;land mobile radio;pervasive computing;computer systems research;distributed systems;mobile computing;smart spaces;invisibility;localized scalability;uneven conditioning masking;research;wireless LAN;Pervasive computing;Mobile computing;Scalability;Space technology;Wireless application protocol;Access protocols;TCPIP;Transcoding;Resource management;Computer vision}
}
@article{coca-cola,
	title        = {Coca-Cola: Driving success with AI and Big Data},
	author       = {Bernard Marr},
	year         = 2019,
	journal      = {Bernard Marr},
	publisher    = {},
	volume       = {},
	number       = {},
	pages        = {}
}
}
@article{balanced_accuracy1,
	title        = {The Balanced Accuracy and Its Posterior Distribution},
	author       = {Brodersen, Kay H. and Ong, Cheng Soon and Stephan, Klaas and Buhmann, Joachim},
	year         = 2010,
	month        = {08},
	journal      = {Pattern Recognition, International Conference on},
	volume       = {0},
	pages        = {3121--3124},
	doi          = {10.1109/ICPR.2010.764},
	isbn         = {978-0-7695-4109-9}
}
@article{balanced_accuracy2,
	title        = {Fundamentals of Machine Learning for Predictive Data Analytics: Algorithms, Worked Examples, and Case Studies},
	author       = {Kelleher, John and Mac Namee, Brian and D'Arcy, Aoife},
	year         = 2015,
	month        = {07},
	pages        = {},
	isbn         = 9780262029445
}
@article{big_data,
	title        = {How Much Data Do We Create Every Day?},
	author       = {Bernard Marr},
	year         = {May 21, 2018},
	journal      = {Forbes},
	publisher    = {},
	volume       = {},
	number       = {},
	pages        = {}
}
@article{data-growth,
	title        = {IoT, Big Data and AI – the New ‘Superpowers’ In the Digital Universe},
	author       = {Linda Misauer},
	year         = {October 5, 2017},
	journal      = {Business2Community},
	publisher    = {},
	volume       = {},
	number       = {},
	pages        = {}
}
}
@article{data-scientists,
	title        = {Data Scientists Don't Scale},
	author       = {Stuart Frankel},
	year         = {May 22, 2015},
	journal      = {Harvard Business Review},
	publisher    = {},
	volume       = {},
	number       = {},
	pages        = {}
}
}
@article{data-preparation-impact,
	title        = {The impact of preprocessing on data mining: An evaluation of classifier sensitivity in direct marketing},
	author       = {Crone, Sven and Lessmann, Stefan and Stahlbock, Robert},
	year         = 2006,
	month        = {09},
	journal      = {European Journal of Operational Research},
	pages        = {781--800},
	doi          = {10.1016/j.ejor.2005.07.023}
}
@article{mli,
	title        = {MLI: An API for Distributed Machine Learning},
	author       = {E. Sparks and A. Talwalkar},
	year         = 2013,
	journal      = {International Conference on Data Mining},
	publisher    = {},
	volume       = {},
	number       = {},
	pages        = {}
}
@article{mlbase1,
	title        = {MLbase: A Distributed Machine Learning System},
	author       = {T. Kraska and A. Talwalkar and J.Duchi and R. Griffith and M. Franklin and M.I. Jordan},
	year         = 2013,
	journal      = {Conference on Innovative Data Systems Research},
	publisher    = {},
	volume       = {},
	number       = {},
	pages        = {}
}
@article{mlbase2,
	title        = {MLbase: A Distributed Machine Learning Wrapper},
	author       = {A. Talwalkar and T. Kraska},
	year         = 2012,
	journal      = {Big Learning Workshop at NIPS},
	publisher    = {},
	volume       = {},
	number       = {},
	pages        = {}
}
@article{nas,
	title        = {Neural Architecture Search: A Survey},
	author       = {Thomas Elsken and Jan Hendrik Metzen and Frank Hutter},
	year         = 2018,
	eprint       = {1808.05377},
	archiveprefix = {arXiv},
	primaryclass = {stat.ML}
}
@article{tl,
	title        = {Spring Research Presentation: A Theoretical Foundation for Inductive Transfer},
	author       = {West, Jeremy; Ventura, Dan; Warnick, Sean},
	year         = 2007,
	journal      = {Brigham Young University, College of Physical and Mathematical Sciences},
	publisher    = {},
	volume       = {},
	number       = {},
	pages        = {}
}
@article{auto_weka,
	title        = {Auto-WEKA 2.0: Automatic model selection and hyperparameter optimization in WEKA},
	author       = {Kotthoff, L. and Thornton, Colleen and Hoos, Holger and Hutter, F. and Leyton-Brown, Kevin},
	year         = 2017,
	month        = {03},
	journal      = {Journal of Machine Learning Research},
	volume       = 18,
	pages        = {1--5}
}
@article{tpot,
	title        = {TPOT: A Tree-Based Pipeline Optimization Tool for Automating Machine Learning},
	author       = {Olson, Randal and Moore, Jason},
	year         = 2019,
	month        = {05},
	pages        = {151--160},
	doi          = {10.1007/978-3-030-05318-5_8},
	isbn         = {978-3-030-05317-8}
}
@article{recipe,
	title        = {RECIPE: A Grammar-Based Framework for Automatically Evolving Classification Pipelines},
	author       = {De Sá, Alex and Pinto, Walter and Oliveira, Luiz Otávio and Pappa, Gisele},
	year         = 2017,
	month        = {03},
	pages        = {246--261},
	doi          = {10.1007/978-3-319-55696-3_16},
	isbn         = {978-3-319-55695-6}
}
@article{cross_validation,
	title        = {Cross validation},
	author       = {Georgios Drakos},
	year         = {16 Aug 2018},
	journal      = {Medium},
	publisher    = {},
	volume       = {},
	number       = {},
	pages        = {}
}
@article{auto_sklearn,
	title        = {Efficient and Robust Automated Machine Learning},
	author       = {Feurer, Matthias and Klein, Aaron and Eggensperger, Katharina and Springenberg, Jost and Blum, Manuel and Hutter, Frank},
	year         = 2015,
	publisher    = {Curran Associates, Inc.},
	pages        = {2962--2970},
	editor       = {C. Cortes and N. D. Lawrence and D. D. Lee and M. Sugiyama and R. Garnett}
}
@article{bayesian_tutorial,
	title        = {A Tutorial on Bayesian Optimization of Expensive Cost Functions, with Application to Active User Modeling and Hierarchical Reinforcement Learning},
	author       = {Eric Brochu and Vlad M. Cora and Nando de Freitas},
	year         = 2010,
	eprint       = {1012.2599},
	archiveprefix = {arXiv},
	primaryclass = {cs.LG}
}
@article{gp_regression,
	title        = {An intuitive guide to Gaussian processes},
	author       = {Oscar Knagg},
	year         = {Jan 15, 2019},
	journal      = {Towards Data Science},
	publisher    = {Medium},
	volume       = {},
	number       = {},
	pages        = {}
}
@article{gp_kernel,
	title        = {A Tutorial on Bayesian Optimization},
	author       = {Peter I. Frazier},
	year         = 2018,
	eprint       = {1807.02811},
	archiveprefix = {arXiv},
	primaryclass = {stat.ML}
}
@article{random_forest,
	title        = {Random Forest Regression},
	author       = {Afroz Chakure},
	year         = {Jun 29, 2019},
	journal      = {Towards Data Science},
	publisher    = {Medium},
	volume       = {},
	number       = {},
	pages        = {}
}
@article{presistant19DKE,
	title        = {{PRESISTANT:} Learning based assistant for data pre-processing},
	author       = {Besim Bilalli and Alberto Abell{\'{o}} and Tom{\`{a}}s Aluja{-}Banet and Robert Wrembel},
	year         = 2019,
	journal      = {Data Knowl. Eng.},
	volume       = 123
}
@article{presistant18CSI,
	title        = {Intelligent assistance for data pre-processing},
	author       = {Besim Bilalli and Alberto Abell{\'{o}} and Tom{\`{a}}s Aluja{-}Banet and Robert Wrembel},
	year         = 2018,
	journal      = {Comput. Stand. Interfaces},
	volume       = 57,
	pages        = {101--109}
}
@inproceedings{presistant18CAISE,
	title        = {{PRESISTANT:} Data Pre-processing Assistant},
	author       = {Besim Bilalli and Alberto Abell{\'{o}} and Tom{\`{a}}s Aluja{-}Banet and Rana Faisal Munir and Robert Wrembel},
	year         = 2018,
	series       = {{CA}i{SE} Forum '18},
	pages        = {57--65}
}
%booktitle = {Information Systems in the Big Data Era - CAiSE Forum 2018, Tallinn, Estonia, June 11-15, 2018, Proceedings},
@article{Bilalli17AMCS,
	title        = {On the predictive power of meta-features in OpenML},
	author       = {Besim Bilalli and Alberto Abell{\'{o}} and Tom{\`{a}}s Aluja{-}Banet},
	year         = 2017,
	journal      = {Int. J. Appl. Math. Comput. Sci.},
	volume       = 27,
	number       = 4,
	pages        = {697--712}
}
@article{near_miss,
	title        = {{KNN Approach to Unbalanced Data Distributions: A Case Study Involving Information Extraction}},
	author       = {Zhang, J. and Mani, I.},
	year         = 2003,
	booktitle    = {{Proceedings of the ICML'2003 Workshop on Learning from Imbalanced Datasets}},
	biburl       = {https://www.bibsonomy.org/bibtex/2cf4d2ac8bdac874b3d4841b4645a5a90/diana},
	description  = {The big one}
}
@article{condensed_nearest_neighbhor,
	title        = {The condensed nearest neighbor rule (Corresp.)},
	author       = {P. {Hart}},
	year         = 1968,
	month        = {May},
	journal      = {IEEE Transactions on Information Theory},
	volume       = 14,
	number       = 3,
	pages        = {515--516},
	keywords     = {Pattern classification}
}
@article{smote,
	title        = {SMOTE: Synthetic Minority Over-sampling Technique},
	author       = {Chawla, N. V. and Bowyer, K. W. and Hall, L. O. and Kegelmeyer, W. P.},
	year         = 2002,
	month        = {Jun},
	journal      = {Journal of Artificial Intelligence Research},
	publisher    = {AI Access Foundation},
	volume       = 16,
	pages        = {321–357}
}
@article{transmogrif_ai,
	title        = {AutoML: The Assembly Line of Machine Learning},
	author       = {Mayukh Bhaowal},
	year         = 2018,
	journal      = {DataEngConf},
	publisher    = {},
	volume       = {},
	number       = {},
	pages        = {}
}
@article{Knuth1968,
	title        = {Semantics of Context-free Languages},
	author       = {Knuth, Donald E},
	year         = 1968,
	journal      = {Mathematical Systems Theory},
	publisher    = {Springer},
	volume       = 2,
	number       = 2,
	pages        = {127--145}
}
@article{data-scientists,
	title        = {Data Scientists Don't Scale},
	author       = {Stuart Frankel},
	year         = {May 22, 2015},
	journal      = {Harvard Business Review},
	publisher    = {},
	volume       = {},
	number       = {},
	pages        = {}
}
@article{Munson09Pre,
	title        = {A Study on the Importance of and Time Spent on Different Modeling Steps},
	author       = {Munson, M. Arthur},
	year         = 2012,
	journal      = {SIGKDD Explor. Newsl.},
	volume       = 13,
	number       = 2,
	pages        = {65--71},
	issue_date   = {December 2011},
	numpages     = 7
}
@inproceedings{ActiveClean16SIGMOD,
	title        = {ActiveClean: An Interactive Data Cleaning Framework For Modern Machine Learning},
	author       = {Krishnan, Sanjay and Franklin, Michael J. and Goldberg, Ken and Wang, Jiannan and Wu, Eugene},
	year         = 2016,
	series       = {SIGMOD '16},
	pages        = {2117--2120},
	numpages     = 4
}
%booktitle = {Proceedings of the International Conference on Management of Data},
@inproceedings{DataCivilizer17CIDR,
	title        = {The Data Civilizer System},
	author       = {Dong Deng and Raul Castro Fernandez and Ziawasch Abedjan and Sibo Wang and Michael Stonebraker and Ahmed K. Elmagarmid and Ihab F. Ilyas and Samuel Madden and Mourad Ouzzani and Nan Tang},
	year         = 2017,
	booktitle    = {Online Proceedings of the Biennial Conference on Innovative Data Systems Research},
	series       = {CIDR '17}
}
@inproceedings{DataTamer13CIDR,
	title        = {Data Curation at Scale: The Data Tamer System},
	author       = {Michael Stonebraker and Daniel Bruckner and Ihab F. Ilyas and George Beskales and Mitch Cherniack and Stanley B. Zdonik and Alexander Pagan and Shan Xu},
	year         = 2013,
	booktitle    = {Online Proceedings Biennial Conference on Innovative Data Systems Research},
	series       = {CIDR '17},
	pages        = {}
}
@inproceedings{BigDansing15SIGMOD,
	title        = {BigDansing: A System for Big Data Cleansing},
	author       = {Khayyat, Zuhair and Ilyas, Ihab F. and Jindal, Alekh and Madden, Samuel and Ouzzani, Mourad and Papotti, Paolo and Quian{\'e}-Ruiz, Jorge-Arnulfo and Tang, Nan and Yin, Si},
	year         = 2015,
	series       = {SIGMOD '15},
	pages        = {1215--1230},
	numpages     = 16
}
%booktitle = {Proceedings of the International Conference on Management of Data},
@article{Llunatic13VLDBEnd,
	title        = {The LLUNATIC Data-cleaning Framework},
	author       = {Geerts, Floris and Mecca, Giansalvatore and Papotti, Paolo and Santoro, Donatello},
	year         = 2013,
	month        = jul,
	journal      = {PVLDB End.},
	volume       = 6,
	number       = 9,
	pages        = {625--636},
	issue_date   = {July 2013}
}
@inproceedings{NADEEF13SIGMOD,
	title        = {NADEEF: A Commodity Data Cleaning System},
	author       = {Dallachiesa, Michele and Ebaid, Amr and Eldawy, Ahmed and Elmagarmid, Ahmed and Ilyas, Ihab F. and Ouzzani, Mourad and Tang, Nan},
	year         = 2013,
	series       = {SIGMOD '13},
	pages        = {541--552},
	numpages     = 12
}
%booktitle = {Proceedings of the International Conference on Management of Data},
@inproceedings{VADA17SIGMOD,
	title        = {The VADA Architecture for Cost-Effective Data Wrangling},
	author       = {Konstantinou, Nikolaos and Koehler, Martin and Abel, Edward and Civili, Cristina and Neumayr, Bernd and Sallinger, Emanuel and Fernandes, Alvaro A.A. and Gottlob, Georg and Keane, John A. and Libkin, Leonid and Paton, Norman W.},
	year         = 2017,
	series       = {SIGMOD '17},
	pages        = {1599--1602},
	numpages     = 4
}
%booktitle = {Proceedings of the International Conference on Management of Data},
@inproceedings{Katara15SIGMOD,
	title        = {KATARA: A Data Cleaning System Powered by Knowledge Bases and Crowdsourcing},
	author       = {Chu, Xu and Morcos, John and Ilyas, Ihab F. and Ouzzani, Mourad and Papotti, Paolo and Tang, Nan and Ye, Yin},
	year         = 2015,
	series       = {SIGMOD '15},
	pages        = {1247--1261},
	numpages     = 15
}
%booktitle = {Proceedings of the International Conference on Management of Data},
@inproceedings{Foofah17SIGMOD,
	title        = {Foofah: A Programming-By-Example System for Synthesizing Data Transformation Programs},
	author       = {Jin, Zhongjun and Anderson, Michael R. and Cafarella, Michael and Jagadish, H. V.},
	year         = 2017,
	series       = {SIGMOD '17},
	pages        = {1607--1610},
	numpages     = 4
}
%booktitle = {Proceedings of the International Conference on Management of Data},
@inproceedings{Wrangler11CHI,
	title        = {Wrangler: Interactive Visual Specification of Data Transformation Scripts},
	author       = {Kandel, Sean and Paepcke, Andreas and Hellerstein, Joseph and Heer, Jeffrey},
	year         = 2011,
	booktitle    = {Proceedings of the ACM Conference on Human Factors in Computing Systems},
	series       = {CHI '11},
	pages        = {3363--3372},
	numpages     = 10
}
@article{ActiveClean16PVLDB,
	title        = {ActiveClean: Interactive Data Cleaning For Statistical Modeling},
	author       = {Sanjay Krishnan and Jiannan Wang and Eugene Wu and Michael J. Franklin and Ken Goldberg},
	year         = 2016,
	journal      = {{PVLDB}},
	volume       = 9,
	number       = 12,
	pages        = {948--959}
}
@inproceedings{ContinuosDataCleaning14ICDE,
	title        = {Continuous data cleaning},
	author       = {Maksims Volkovs and Fei Chiang and Jaroslaw Szlichta and Ren{\'{e}}e J. Miller},
	year         = 2014,
	booktitle    = {Proceedings of the International Conference on Data Engineering, 2014},
	series       = {ICDE '14},
	pages        = {244--255}
}
@article{GDR11PVLDB,
	title        = {Guided data repair},
	author       = {Mohamed Yakout and Ahmed K. Elmagarmid and Jennifer Neville and Mourad Ouzzani and Ihab F. Ilyas},
	year         = 2011,
	journal      = {{PVLDB}},
	volume       = 4,
	number       = 5,
	pages        = {279--289}
}
@article{EditingRules12VLDB,
	title        = {Towards certain fixes with editing rules and master data},
	author       = {Wenfei Fan and Jianzhong Li and Shuai Ma and Nan Tang and Wenyuan Yu},
	year         = 2012,
	journal      = {{VLDB} J.},
	volume       = 21,
	number       = 2,
	pages        = {213--238}
}
}
@book{BookExploratoryDM03Dasu,
	title        = {Exploratory Data Mining and Data Cleaning},
	author       = {Dasu, Tamraparni and Johnson, Theodore},
	year         = 2003,
	publisher    = {John Wiley \& Sons, Inc.},
	address      = {New York, NY, USA},
	isbn         = {0471268518},
	edition      = 1
}
@book{BayesianOptimizationBook,
	title        = {Bayesian Optimization and Data Science},
	author       = {Archetti, Francesco and Candelieri, Antonio},
	year         = 2019,
	publisher    = {Springer International Publishing},
	isbn         = {978-3-030-24493-4},
	edition      = 1
}
@inproceedings{Thornton13AutoWeka,
	title        = {Auto-WEKA: Combined Selection and Hyperparameter Optimization of Classification Algorithms},
	author       = {Thornton, Chris and Hutter, Frank and Hoos, Holger H. and others},
	year         = 2013,
	booktitle    = {KDD},
	pages        = {847--855},
	isbn         = {978-1-4503-2174-7},
	numpages     = 9
}
@inproceedings{Feurer15AutoSklearn,
	title        = {Efficient and Robust Automated Machine Learning},
	author       = {Matthias Feurer and Aaron Klein and Katharina Eggensperger and Jost Tobias Springenberg and Manuel Blum and Frank Hutter},
	year         = 2015,
	series       = {NeurIPS '15},
	pages        = {2962--2970}
}
%booktitle = {Advances in Neural Information Processing Systems},
@inproceedings{Olson16Tpot,
	title        = {Evaluation of a Tree-based Pipeline Optimization Tool for Automating Data Science},
	author       = {Randal S. Olson and Nathan Bartley and Ryan J. Urbanowicz and Jason H. Moore},
	year         = 2016,
	series       = {GECCO '16},
	pages        = {485--492}
}
%booktitle = {Proceedings of the International Conference on Genetic and Evolutionary Computation Conference},
@inproceedings{Feurer15AAAI,
	title        = {Initializing Bayesian Hyperparameter Optimization via Meta-Learning},
	author       = {Matthias Feurer and Jost Tobias Springenberg and Frank Hutter},
	year         = 2015,
	series       = {AAAI '15},
	pages        = {1128--1135}
}
%  booktitle = {Proceedings of the Conference on Artificial Intelligence},
@inproceedings{HyperOptICML13,
	title        = {Making a Science of Model Search: Hyperparameter Optimization in Hundreds of Dimensions for Vision Architectures},
	author       = {Bergstra, J. and Yamins, D. and Cox, D. D.},
	year         = 2013,
	series       = {ICML’13},
	pages        = {115--23},
	numpages     = 9
}
%booktitle = {Proceedings of the 30th International Conference on International Conference on Machine Learning - Volume 28},
@inproceedings{Nicolo18NIPS,
	title        = {Probabilistic Matrix Factorization for Automated Machine Learning},
	author       = {Fusi, Nicolo and Sheth, Rishit and Elibol, Melih},
	year         = 2018,
	series       = {NeurIPS’18},
	pages        = {3352–3361},
	numpages     = 10
}
%booktitle = {Proceedings of the International Conference on Neural Information Processing Systems},
@article{Serban13survey,
	title        = {A survey of intelligent assistants for data analysis},
	author       = {Floarea Serban and Joaquin Vanschoren and J{\"{o}}rg{-}Uwe Kietz and Abraham Bernstein},
	year         = 2013,
	journal      = {{ACM} Computing Surveys},
	volume       = 45,
	number       = 3,
	pages        = {1--35}
}
@inproceedings{automlSurvey19,
	title        = {{Survey on Automated Machine Learning}},
	author       = {Marc-André Zöller and Marco F. Huber},
	year         = 2019,
	adsurl       = {}
}
@article{zoller2019survey,
	title        = {Survey on automated machine learning},
	author       = {Z{\"o}ller, Marc-Andr{\'e} and Huber, Marco F},
	year         = 2019,
	journal      = {arXiv preprint arXiv:1904.12054},
	volume       = 9
}
@inproceedings{hutter2010time,
	title        = {Time-bounded sequential parameter optimization},
	author       = {Hutter, Frank and Hoos, Holger H and Leyton-Brown, Kevin and Murphy, Kevin},
	year         = 2010,
	booktitle    = {International Conference on Learning and Intelligent Optimization},
	pages        = {281--298},
	organization = {Springer}
}
@inproceedings{hutter2009experimental,
	title        = {An experimental investigation of model-based parameter optimisation: SPO and beyond},
	author       = {Hutter, Frank and Hoos, Holger H and Leyton-Brown, Kevin and Murphy, Kevin P},
	year         = 2009,
	booktitle    = {Proceedings of the 11th Annual conference on Genetic and evolutionary computation},
	pages        = {271--278}
}
@inproceedings{bartz2007experimental,
	title        = {Experimental research in evolutionary computation},
	author       = {Bartz-Beielstein, Thomas and Preuss, Mike},
	year         = 2007,
	booktitle    = {Proceedings of the 9th annual conference companion on Genetic and evolutionary computation},
	pages        = {3001--3020}
}
@inproceedings{bartz2005sequential,
	title        = {Sequential parameter optimization},
	author       = {Bartz-Beielstein, Thomas and Lasarczyk, Christian WG and Preu{\ss}, Mike},
	year         = 2005,
	booktitle    = {2005 IEEE congress on evolutionary computation},
	volume       = 1,
	pages        = {773--780},
	organization = {IEEE}
}
@inproceedings{hutter2011sequential,
	title        = {Sequential model-based optimization for general algorithm configuration},
	author       = {Hutter, Frank and Hoos, Holger H and Leyton-Brown, Kevin},
	year         = 2011,
	booktitle    = {International conference on learning and intelligent optimization},
	pages        = {507--523},
	organization = {Springer}
}
@inproceedings{snoeck2012NIPS,
	title        = {Practical Bayesian Optimization of Machine Learning Algorithms},
	author       = {Jasper Snoek and Hugo Larochelle and Ryan P. Adams},
	year         = 2012,
	series       = {NeurIPS '12},
	pages        = {2960--2968}
}
%booktitle = {Advances in Neural Information Processing Systems 25},
@article{Wistuba2018ML,
	title        = {Scalable Gaussian process-based transfer surrogates for hyperparameter optimization},
	author       = {Martin Wistuba and Nicolas Schilling and Lars Schmidt{-}Thieme},
	year         = 2018,
	journal      = {Mach. Learn.},
	volume       = 107,
	number       = 1,
	pages        = {43--78}
}
@article{OpenML2013,
	title        = {OpenML: Networked Science in Machine Learning},
	author       = {Vanschoren, Joaquin and van Rijn, Jan N. and Bischl, Bernd and Torgo, Luis},
	year         = 2013,
	journal      = {SIGKDD Explorations},
	volume       = 15,
	number       = 2,
	pages        = {49--60}
}
@inproceedings{Giovanelli2021DOLAP,
	title        = {Effective data pre-processing for AutoML},
	author       = {Joseph Giovanelli and Besim Bilalli and Alberto Abell{\'{o}}},
	year         = 2021,
	booktitle    = {Proceedings of the 23rd International Workshop on Design, Optimization, Languages and Analytical Processing of Big Data {(DOLAP)}},
	publisher    = {CEUR-WS.org},
	series       = {{CEUR} Workshop Proceedings},
	volume       = 2840,
	pages        = {1--10},
	editor       = {Kostas Stefanidis and Patrick Marcel}
}
@article{ctree,
	title        = {Unbiased Recursive Partitioning: A Conditional Inference Framework},
	author       = {Torsten Hothorn and Kurt Hornik and Achim Zeileis},
	year         = 2006,
	journal      = {Journal of Computational and Graphical Statistics},
	publisher    = {Taylor & Francis},
	volume       = 15,
	number       = 3,
	pages        = {651--674}
}
@inproceedings{Munoz09DOLAP,
	title        = {Automatic Generation of ETL Processes from Conceptual Models},
	author       = {Mu\~{n}oz, Lilia and Maz\'{o}n, Jose-Norberto and Trujillo, Juan},
	year         = 2009,
	booktitle    = {Proceedings of the ACM Twelfth International Workshop on Data Warehousing and OLAP},
	location     = {Hong Kong, China},
	series       = {DOLAP '09},
	pages        = {33–40},
	numpages     = 8
}
@book{Vaisman14Book,
	title        = {Data Warehouse Systems - Design and Implementation},
	author       = {Alejandro A. Vaisman and Esteban Zim{\'{a}}nyi},
	year         = 2014,
	publisher    = {Springer},
	series       = {Data-Centric Systems and Applications}
}
@inproceedings{Bilalli16IOTBD,
	title        = {Towards Intelligent Data Analysis: The Metadata Challenge},
	author       = {Besim Bilalli and Alberto Abell{\'{o}} and Tom{\`{a}}s Aluja{-}Banet and Robert Wrembel},
	year         = {2016},
	booktitle    = {Proceedings of the International Conference on Internet of Things and Big Data, IoTBD 2016, Rome, Italy, April 23-25, 2016},
	pages        = {331--338},
	editor       = {Muthu Ramachandran and Gary B. Wills and Robert John Walters and V{\'{\i}}ctor M{\'{e}}ndez Mu{\~{n}}oz and Victor Chang}
}
@article{mohr2018ml,
	title        = {ML-Plan: Automated machine learning via hierarchical planning},
	author       = {Mohr, Felix and Wever, Marcel and H{\"u}llermeier, Eyke},
	year         = 2018,
	journal      = {Machine Learning},
	publisher    = {Springer},
	volume       = 107,
	number       = 8,
	pages        = {1495--1515}
}
@inproceedings{chen2018autostacker,
	title        = {Autostacker: A compositional evolutionary learning system},
	author       = {Chen, Boyuan and Wu, Harvey and Mo, Warren and Chattopadhyay, Ishanu and Lipson, Hod},
	year         = 2018,
	booktitle    = {Proceedings of the Genetic and Evolutionary Computation Conference},
	pages        = {402--409}
}
@article{AutoBazaar,
	title        = {The Machine Learning Bazaar: Harnessing the {ML} Ecosystem for Effective System Development},
	author       = {Micah J. Smith and Carles Sala and James Max Kanter and Kalyan Veeramachaneni},
	year         = 2019,
	journal      = {CoRR},
	volume       = {abs/1905.08942},
	timestamp    = {Wed, 29 May 2019 11:27:50 +0200},
	biburl       = {https://dblp.org/rec/journals/corr/abs-1905-08942.bib},
	bibsource    = {dblp computer science bibliography, https://dblp.org}
}
@inproceedings{yang2019oboe,
	title        = {OBOE: Collaborative filtering for AutoML model selection},
	author       = {Yang, Chengrun and Akimoto, Yuji and Kim, Dae Won and Udell, Madeleine},
	year         = 2019,
	booktitle    = {Proceedings of the 25th ACM SIGKDD International Conference on Knowledge Discovery \& Data Mining},
	pages        = {1173--1183}
}
@book{Brazdil04Book,
	title        = {Metalearning - Applications to Data Mining},
	author       = {Pavel Brazdil and Christophe G. Giraud{-}Carrier and Carlos Soares and Ricardo Vilalta},
	year         = 2009,
	publisher    = {Springer},
	series       = {Cognitive Technologies}
}
@article{elshawi2019automated,
	title        = {Automated machine learning: State-of-the-art and open challenges},
	author       = {Elshawi, Radwa and Maher, Mohamed and Sakr, Sherif},
	year         = 2019,
	journal      = {arXiv preprint arXiv:1906.02287}
}
@article{bergstra2012random,
	title        = {Random search for hyper-parameter optimization.},
	author       = {Bergstra, James and Bengio, Yoshua},
	year         = 2012,
	journal      = {Journal of machine learning research},
	volume       = 13,
	number       = 2
}
@incollection{van1987simulated,
	title        = {Simulated annealing},
	author       = {Van Laarhoven, Peter JM and Aarts, Emile HL},
	year         = 1987,
	booktitle    = {Simulated annealing: Theory and applications},
	publisher    = {Springer},
	pages        = {7--15}
}
@incollection{kramer2017genetic,
	title        = {Genetic algorithms},
	author       = {Kramer, Oliver},
	year         = 2017,
	booktitle    = {Genetic algorithm essentials},
	publisher    = {Springer},
	pages        = {11--19}
}
@article{li2017hyperband,
	title        = {Hyperband: A novel bandit-based approach to hyperparameter optimization},
	author       = {Li, Lisha and Jamieson, Kevin and DeSalvo, Giulia and Rostamizadeh, Afshin and Talwalkar, Ameet},
	year         = 2017,
	journal      = {The Journal of Machine Learning Research},
	publisher    = {JMLR. org},
	volume       = 18,
	number       = 1,
	pages        = {6765--6816}
}
@book{montgomery2017design,
	title        = {Design and analysis of experiments},
	author       = {Montgomery, Douglas C},
	year         = 2017,
	publisher    = {John wiley \& sons}
}
@misc{mitchell1997machine,
	title        = {Machine learning},
	author       = {Mitchell, Tom M},
	year         = 1997
}
@book{sutton2018reinforcement,
	title        = {Reinforcement learning: An introduction},
	author       = {Sutton, Richard S and Barto, Andrew G},
	year         = 2018,
	publisher    = {MIT press}
}
@article{BesnardGHMPST14structured,
	title        = {Introduction to structured argumentation},
	author       = {Besnard,Philippe and Garc{\'{\i}}a, Alejandro Javier and Hunter, Anthony and Modgil, Sanjay and Prakken, Henry and Simari, Guillermo Ricardo and Toni, Francesca},
	year         = 2014,
	journal      = {Argument \& Computation},
	volume       = 5,
	number       = 1,
	pages        = {1--4},
	doi          = {10.1080/19462166.2013.869764},
	_url         = {https://doi.org/10.1080/19462166.2013.869764}
}
@book{DBLP:books/wa/BreimanFOS84,
	title        = {Classification and Regression Trees},
	author       = {Leo Breiman and J. H. Friedman and R. A. Olshen and C. J. Stone},
	year         = 1984,
	publisher    = {Wadsworth},
	isbn         = {0-534-98053-8},
	timestamp    = {Thu, 03 Jan 2002 11:51:52 +0100},
	biburl       = {https://dblp.org/rec/books/wa/BreimanFOS84.bib},
	bibsource    = {dblp computer science bibliography, https://dblp.org}
}
@inproceedings{DBLP:conf/dolap/FranciaGR19,
	title        = {Augmented Business Intelligence},
	author       = {Matteo Francia and Matteo Golfarelli and Stefano Rizzi},
	year         = 2019,
	booktitle    = {Proceedings of the 21st International Workshop on Design, Optimization, Languages and Analytical Processing of Big Data, co-located with {EDBT/ICDT} Joint Conference, DOLAP@EDBT/ICDT 2019, Lisbon, Portugal, March 26, 2019},
	publisher    = {CEUR-WS.org},
	series       = {{CEUR} Workshop Proceedings},
	volume       = 2324,
	url          = {http://ceur-ws.org/Vol-2324/Paper02-MGolfarelli.pdf},
	editor       = {Il{-}Yeol Song and Oscar Romero and Robert Wrembel},
	timestamp    = {Thu, 21 Jan 2021 17:37:21 +0100},
	biburl       = {https://dblp.org/rec/conf/dolap/FranciaGR19.bib},
	bibsource    = {dblp computer science bibliography, https://dblp.org}
}
@inproceedings{DBLP:conf/edbt/GiovanelliP22,
	title        = {Towards Human-centric AutoML via Logic and Argumentation},
	author       = {Joseph Giovanelli and Giuseppe Pisano},
	year         = 2022,
	booktitle    = {Proceedings of the Workshops of the {EDBT/ICDT} 2022 Joint Conference, Edinburgh, UK, March 29, 2022},
	publisher    = {CEUR-WS.org},
	series       = {{CEUR} Workshop Proceedings},
	volume       = 3135,
	url          = {http://ceur-ws.org/Vol-3135/dataplat\_short2.pdf},
	editor       = {Maya Ramanath and Themis Palpanas},
	timestamp    = {Fri, 20 May 2022 16:11:24 +0200},
	biburl       = {https://dblp.org/rec/conf/edbt/GiovanelliP22.bib},
	bibsource    = {dblp computer science bibliography, https://dblp.org}
}
@inproceedings{DBLP:conf/icpr/BrodersenOSB10,
	title        = {The Balanced Accuracy and Its Posterior Distribution},
	author       = {Kay Henning Brodersen and Cheng Soon Ong and Klaas Enno Stephan and Joachim M. Buhmann},
	year         = 2010,
	booktitle    = {20th International Conference on Pattern Recognition, {ICPR} 2010, Istanbul, Turkey, 23-26 August 2010},
	publisher    = {{IEEE} Computer Society},
	pages        = {3121--3124},
	doi          = {10.1109/ICPR.2010.764},
	url          = {https://doi.org/10.1109/ICPR.2010.764},
	timestamp    = {Wed, 16 Oct 2019 14:14:52 +0200},
	biburl       = {https://dblp.org/rec/conf/icpr/BrodersenOSB10.bib},
	bibsource    = {dblp computer science bibliography, https://dblp.org}
}
@article{DBLP:journals/fgcs/FranciaGGLRS21,
	title        = {Making data platforms smarter with {MOSES}},
	author       = {Matteo Francia and Enrico Gallinucci and Matteo Golfarelli and Anna Giulia Leoni and Stefano Rizzi and Nicola Santolini},
	year         = 2021,
	journal      = {Future Gener. Comput. Syst.},
	volume       = 125,
	pages        = {299--313},
	doi          = {10.1016/j.future.2021.06.031},
	url          = {https://doi.org/10.1016/j.future.2021.06.031},
	timestamp    = {Wed, 01 Sep 2021 12:44:11 +0200},
	biburl       = {https://dblp.org/rec/journals/fgcs/FranciaGGLRS21.bib},
	bibsource    = {dblp computer science bibliography, https://dblp.org}
}
@article{DBLP:journals/is/FranciaGG22,
	title        = {{COOL:} {A} framework for conversational {OLAP}},
	author       = {Matteo Francia and Enrico Gallinucci and Matteo Golfarelli},
	year         = 2022,
	journal      = {Inf. Syst.},
	volume       = 104,
	pages        = 101752,
	doi          = {10.1016/j.is.2021.101752},
	url          = {https://doi.org/10.1016/j.is.2021.101752},
	timestamp    = {Wed, 15 Dec 2021 10:28:45 +0100},
	biburl       = {https://dblp.org/rec/journals/is/FranciaGG22.bib},
	bibsource    = {dblp computer science bibliography, https://dblp.org}
}
@article{Dung1995abstractArg,
	title        = {On the Acceptability of Arguments and its Fundamental Role in Nonmonotonic Reasoning, Logic Programming and n-Person Games},
	author       = {Dung, Phan Minh},
	year         = 1995,
	journal      = {Artificial Intelligence},
	volume       = 77,
	number       = 2,
	pages        = {321--358},
	doi          = {10.1016/0004-3702(94)00041-X},
	_url         = {https://doi.org/10.1016/0004-3702(94)00041-X}
}
@article{JMLR:v18:16-365,
	title        = {Imbalanced-learn: A Python Toolbox to Tackle the Curse of Imbalanced Datasets in Machine Learning},
	author       = {Guillaume  Lema{{\^i}}tre and Fernando Nogueira and Christos K. Aridas},
	year         = 2017,
	journal      = {Journal of Machine Learning Research},
	volume       = 18,
	number       = 17,
	pages        = {1--5},
	url          = {http://jmlr.org/papers/v18/16-365.html}
}
@article{Modgil2014aspic+,
	title        = {The \emph{ASPIC}\({}^{\mbox{+}}\) framework for structured argumentation: a tutorial},
	author       = {Modgil, Sanjay and Prakken, Henry},
	year         = 2014,
	journal      = {Argument \& Computation},
	volume       = 5,
	number       = 1,
	pages        = {31--62},
	doi          = {10.1080/19462166.2013.869766},
	_url         = {https://doi.org/10.1080/19462166.2013.869766}
}
@article{Paulson2018logichistory,
	title        = {Computational logic: its origins and applications},
	author       = {Paulson, Lawrence C.},
	year         = 2018,
	month        = {Feb},
	journal      = {Proceedings of the Royal Society A: Mathematical, Physical and Engineering Sciences},
	publisher    = {The Royal Society},
	volume       = 474,
	number       = 2210,
	doi          = {10.1098/rspa.2017.0872},
	issn         = {1471-2946},
	_url         = {http://dx.doi.org/10.1098/rspa.2017.0872}
}
@inproceedings{XinWLSP21automationml,
	title        = {Whither AutoML? Understanding the Role of Automation in Machine Learning Workflows},
	author       = {Xin, Doris and Wu, Eva Yiwei and Lee, Doris Jung Lin and Salehi, Niloufar and Parameswaran, Aditya G.},
	year         = 2021,
	booktitle    = {{CHI} '21: {CHI} Conference on Human Factors in Computing Systems},
	publisher    = {{ACM}},
	pages        = {83:1--83:16},
	doi          = {10.1145/3411764.3445306},
	_url         = {https://doi.org/10.1145/3411764.3445306}
}
@article{arg2p-jlc,
	title        = {{Arg\textsf{2}P}: An argumentation framework for explainable intelligent systems},
	author       = {Calegari, Roberta and Pisano, Giuseppe and Omicini, Andrea and Sartor, Giovanni},
	year         = 2021,
	month        = {December},
	journal      = {Journal of Logic and Computation},
	publisher    = {Oxford University Press},
	doi          = {10.1093/logcom/exab089},
	date-added   = {2021-12-25 17:57:19 +0100},
	date-modified = {2021-12-27 18:03:47 +0100},
	keywords     = {Arg2P, intelligent systems engineering, explainable intelligent systems, logic- based technology, argumentation, defeasible reasoning, multi-agent systems},
	bdsk-url-1   = {https://doi.org/10.1093/logcom/exab089}
}
@article{baroniCG11semantics,
	title        = {An introduction to argumentation semantics},
	author       = {Baroni, Pietro and Caminada, Martin and Giacomin, Massimiliano},
	year         = 2011,
	journal      = {Knowledge Engineering Review},
	volume       = 26,
	number       = 4,
	pages        = {365--410},
	doi          = {10.1017/S0269888911000166},
	_url         = {https://doi.org/10.1017/S0269888911000166}
}
@inproceedings{borzsony2001skyline,
	title        = {The skyline operator},
	author       = {Borzsony, Stephan and Kossmann, Donald and Stocker, Konrad},
	year         = 2001,
	booktitle    = {Proceedings 17th international conference on data engineering},
	pages        = {421--430},
	organization = {IEEE}
}
@article{boston-house,
	title        = {Hedonic housing prices and the demand for clean air},
	author       = {Harrison, David and Rubinfeld, Daniel},
	year         = 1978,
	month        = {03},
	journal      = {Journal of Environmental Economics and Management},
	volume       = 5,
	pages        = {81--102},
	doi          = {10.1016/0095-0696(78)90006-2}
}
@inproceedings{crisan2021fits,
	title        = {Fits and starts: Enterprise use of automl and the role of humans in the loop},
	author       = {Crisan, Anamaria and Fiore-Gartland, Brittany},
	year         = 2021,
	booktitle    = {Proceedings of the 2021 CHI Conference on Human Factors in Computing Systems},
	pages        = {1--15}
}
@inproceedings{dataplat2,
	title        = {Data Platform for Machine Learning},
	author       = {Agrawal, Pulkit and Arya, Rajat and Bindal, Aanchal and Bhatia, Sandeep and Gagneja, Anupriya and Godlewski, Joseph and Low, Yucheng and Muss, Timothy and Paliwal, Mudit Manu and Raman, Sethu and Shah, Vishrut and Shen, Bochao and Sugden, Laura and Zhao, Kaiyu and Wu, Ming-Chuan},
	year         = 2019,
	booktitle    = {Proceedings of the 2019 International Conference on Management of Data},
	location     = {Amsterdam, Netherlands},
	publisher    = {Association for Computing Machinery},
	address      = {New York, NY, USA},
	series       = {SIGMOD '19},
	pages        = {1803–1816},
	doi          = {10.1145/3299869.3314050},
	isbn         = 9781450356435,
	url          = {https://doi.org/10.1145/3299869.3314050},
	numpages     = 14,
	keywords     = {data platform, dataset management for machine learning, data streaming access, physical data layout, data version control}
}
@inproceedings{drozdal2020trust,
	title        = {Trust in AutoML: exploring information needs for establishing trust in automated machine learning systems},
	author       = {Drozdal, Jaimie and Weisz, Justin and Wang, Dakuo and Dass, Gaurav and Yao, Bingsheng and Zhao, Changruo and Muller, Michael and Ju, Lin and Su, Hui},
	year         = 2020,
	booktitle    = {Proceedings of the 25th International Conference on Intelligent User Interfaces},
	pages        = {297--307}
}
@inproceedings{falkner2018bohb,
	title        = {BOHB: Robust and efficient hyperparameter optimization at scale},
	author       = {Falkner, Stefan and Klein, Aaron and Hutter, Frank},
	year         = 2018,
	booktitle    = {International Conference on Machine Learning},
	pages        = {1437--1446},
	organization = {PMLR}
}
@incollection{feurer2019auto,
	title        = {Auto-sklearn: efficient and robust automated machine learning},
	author       = {Feurer, Matthias and Klein, Aaron and Eggensperger, Katharina and Springenberg, Jost Tobias and Blum, Manuel and Hutter, Frank},
	year         = 2019,
	booktitle    = {Automated Machine Learning},
	publisher    = {Springer, Cham},
	pages        = {113--134}
}
@article{frazier2018tutorial,
	title        = {A Tutorial on Bayesian Optimization},
	author       = {Frazier, Peter I.},
	year         = 2018,
	journal      = {CoRR},
	volume       = {abs/1807.02811},
	url          = {http://arxiv.org/abs/1807.02811},
	eprinttype   = {arXiv},
	eprint       = {1807.02811}
}
@inproceedings{gil2019towards,
	title        = {Towards human-guided machine learning},
	author       = {Gil, Yolanda and Honaker, James and Gupta, Shikhar and Ma, Yibo and D'Orazio, Vito and Garijo, Daniel and Gadewar, Shruti and Yang, Qifan and Jahanshad, Neda},
	year         = 2019,
	booktitle    = {Proceedings of the 24th International Conference on Intelligent User Interfaces},
	pages        = {614--624}
}
@article{giovanelli2021data,
	title        = {Data pre-processing pipeline generation for AutoETL},
	author       = {Giovanelli, Joseph and Bilalli, Besim and Abell{\'o}, Alberto},
	year         = 2021,
	journal      = {Information Systems},
	publisher    = {Elsevier},
	pages        = 101957
}
@inproceedings{golovin2017google,
	title        = {Google vizier: A service for black-box optimization},
	author       = {Golovin, Daniel and Solnik, Benjamin and Moitra, Subhodeep and Kochanski, Greg and Karro, John and Sculley, David},
	year         = 2017,
	booktitle    = {Proceedings of the 23rd ACM SIGKDD international conference on knowledge discovery and data mining},
	pages        = {1487--1495}
}
@article{khuat2022roles,
	title        = {The Roles and Modes of Human Interactions with Automated Machine Learning Systems},
	author       = {Khuat, Thanh Tung and Kedziora, David Jacob and Gabrys, Bogdan},
	year         = 2022,
	journal      = {arXiv preprint arXiv:2205.04139}
}
@incollection{kotthoff2019auto,
	title        = {Auto-WEKA: Automatic model selection and hyperparameter optimization in WEKA},
	author       = {Kotthoff, Lars and Thornton, Chris and Hoos, Holger H and Hutter, Frank and Leyton-Brown, Kevin},
	year         = 2019,
	booktitle    = {Automated Machine Learning},
	publisher    = {Springer, Cham},
	pages        = {81--95}
}
@inproceedings{kraska2013mlbase,
	title        = {MLbase: A Distributed Machine-learning System.},
	author       = {Kraska, Tim and Talwalkar, Ameet and Duchi, John C and Griffith, Rean and Franklin, Michael J and Jordan, Michael I},
	year         = 2013,
	booktitle    = {Cidr},
	volume       = 1,
	pages        = {2--1}
}
@inproceedings{ledell2020h2o,
	title        = {H2o automl: Scalable automatic machine learning},
	author       = {LeDell, Erin and Poirier, Sebastien},
	year         = 2020,
	booktitle    = {Proceedings of the AutoML Workshop at ICML},
	volume       = 2020
}
@article{lee2020human,
	title        = {A Human-in-the-loop Perspective on AutoML: Milestones and the Road Ahead},
	author       = {Lee, Doris Jung-Lin and Macke, Stephen},
	year         = 2020,
	journal      = {IEEE Data Engineering Bulletin}
}
@inproceedings{muller2019data,
	title        = {How data science workers work with data: Discovery, capture, curation, design, creation},
	author       = {Muller, Michael and Lange, Ingrid and Wang, Dakuo and Piorkowski, David and Tsay, Jason and Liao, Q Vera and Dugan, Casey and Erickson, Thomas},
	year         = 2019,
	booktitle    = {Proceedings of the 2019 CHI conference on human factors in computing systems},
	pages        = {1--15}
}
@inproceedings{multi-store,
	title        = {Optimizing Execution Plans in a Multistore},
	author       = {Forresi, Chiara and Francia, Matteo and Gallinucci, Enrico and Golfarelli, Matteo},
	year         = 2021,
	booktitle    = {Advances in Databases and Information Systems},
	publisher    = {Springer International Publishing},
	address      = {Cham},
	pages        = {136--151},
	isbn         = {978-3-030-82472-3},
	editor       = {Bellatreche, Ladjel and Dumas, Marlon and Karras, Panagiotis and Matulevi{\v{c}}ius, Raimundas}
}
@article{ono2020pipelineprofiler,
	title        = {PipelineProfiler: {A} Visual Analytics Tool for the Exploration of AutoML Pipelines},
	author       = {Ono, Jorge Piazentin and Castelo, Sonia and Lopez, Roque and Bertini, Enrico and Freire, Juliana and Silva, Cl{\'{a}}udio T.},
	year         = 2021,
	journal      = {{IEEE} Transactions on Visualization and Computer Graphics},
	volume       = 27,
	number       = 2,
	pages        = {390--400},
	_url         = {https://doi.org/10.1109/TVCG.2020.3030361},
	_doi         = {10.1109/TVCG.2020.3030361}
}
@article{peng2020pyglove,
	title        = {PyGlove: Symbolic programming for automated machine learning},
	author       = {Peng, Daiyi and Dong, Xuanyi and Real, Esteban and Tan, Mingxing and Lu, Yifeng and Bender, Gabriel and Liu, Hanxiao and Kraft, Adam and Liang, Chen and Le, Quoc},
	year         = 2020,
	journal      = {Advances in Neural Information Processing Systems},
	volume       = 33,
	pages        = {96--108}
}
@article{pfisterer2019towards,
	title        = {Towards human centered AutoML},
	author       = {Pfisterer, Florian and Thomas, Janek and Bischl, Bernd},
	year         = 2019,
	journal      = {arXiv preprint arXiv:1911.02391}
}
@article{raschkas_2018_mlxtend,
	title        = {MLxtend: Providing machine learning and data science utilities and extensions to Python’s scientific computing stack},
	author       = {Sebastian Raschka},
	year         = 2018,
	month        = apr,
	journal      = {The Journal of Open Source Software},
	publisher    = {The Open Journal},
	volume       = 3,
	number       = 24,
	doi          = {10.21105/joss.00638},
	url          = {http://joss.theoj.org/papers/10.21105/joss.00638}
}
@article{seq2pat2022,
	title        = {Seq2Pat: Sequence-to-Pattern Generation for Constraint-based Sequential Pattern Mining},
	author       = {Wang, Xin and Hosseininasab, Amin and Colunga, Pablo and Kadioglu, Serdar and van Hoeve, Willem-Jan},
	year         = 2022,
	journal      = {Proceedings of the AAAI Conference on Artificial Intelligence},
	volume       = {TBD},
	number       = {TBD},
	pages        = {TBD},
	url          = {https://github.com/fidelity/textwiser}
}
@misc{srikant1995mining,
	title        = {Mining generalized association rules},
	author       = {Srikant, Ramakrishnan and Agrawal, Rakesh},
	year         = 1995,
	publisher    = {IBM Research Division Zurich}
}
@article{tan17es,
	title        = {A brief history and technical review of the expert system research},
	author       = {Tan, Haocheng},
	year         = 2017,
	month        = 9,
	journal      = {IOP Conference Series: Materials Science and Engineering},
	volume       = 242,
	doi          = {10.1088/1757-899X/242/1/012111}
}
@inproceedings{vartak2015supporting,
	title        = {Supporting fast iteration in model building},
	author       = {Vartak, Manasi and Ortiz, Pablo and Siegel, Kathryn and Subramanyam, Harihar and Madden, Samuel and Zaharia, Matei},
	year         = 2015,
	booktitle    = {NIPS Workshop LearningSys},
	pages        = {1--6}
}
@inproceedings{wang2019atmseer,
	title        = {Atmseer: Increasing transparency and controllability in automated machine learning},
	author       = {Wang, Qianwen and Ming, Yao and Jin, Zhihua and Shen, Qiaomu and Liu, Dongyu and Smith, Micah J and Veeramachaneni, Kalyan and Qu, Huamin},
	year         = 2019,
	booktitle    = {Proceedings of the 2019 CHI Conference on Human Factors in Computing Systems},
	pages        = {1--12}
}
@article{wang2019human,
	title        = {Human-ai collaboration in data science: Exploring data scientists' perceptions of automated ai},
	author       = {Wang, Dakuo and Weisz, Justin D and Muller, Michael and Ram, Parikshit and Geyer, Werner and Dugan, Casey and Tausczik, Yla and Samulowitz, Horst and Gray, Alexander},
	year         = 2019,
	journal      = {Proceedings of the ACM on Human-Computer Interaction},
	publisher    = {ACM New York, NY, USA},
	volume       = 3,
	number       = {CSCW},
	pages        = {1--24}
}
@inproceedings{wang2020autoai,
	title        = {Autoai: Automating the end-to-end ai lifecycle with humans-in-the-loop},
	author       = {Wang, Dakuo and Ram, Parikshit and Weidele, Daniel Karl I and Liu, Sijia and Muller, Michael and Weisz, Justin D and Valente, Abel and Chaudhary, Arunima and Torres, Dustin and Samulowitz, Horst and others},
	year         = 2020,
	booktitle    = {Proceedings of the 25th International Conference on Intelligent User Interfaces Companion},
	pages        = {77--78}
}
@inproceedings{wang2021autods,
	title        = {Autods: Towards human-centric automation of data science},
	author       = {Wang, Dakuo and Andres, Josh and Weisz, Justin D and Oduor, Erick and Dugan, Casey},
	year         = 2021,
	booktitle    = {Proceedings of the 2021 CHI Conference on Human Factors in Computing Systems},
	pages        = {1--12}
}
@article{wang2021flaml,
	title        = {FLAML: A fast and lightweight automl library},
	author       = {Wang, Chi and Wu, Qingyun and Weimer, Markus and Zhu, Erkang},
	year         = 2021,
	journal      = {Proceedings of Machine Learning and Systems},
	volume       = 3,
	pages        = {434--447}
}
@inproceedings{wirth2000crisp,
	title        = {CRISP-DM: Towards a standard process model for data mining},
	author       = {Wirth, R{\"u}diger and Hipp, Jochen},
	year         = 2000,
	booktitle    = {Proceedings of the 4th international conference on the practical applications of knowledge discovery and data mining},
	volume       = 1,
	organization = {Springer-Verlag London, UK}
}
@inproceedings{xin2018accelerating,
	title        = {Accelerating human-in-the-loop machine learning: Challenges and opportunities},
	author       = {Xin, Doris and Ma, Litian and Liu, Jialin and Macke, Stephen and Song, Shuchen and Parameswaran, Aditya},
	year         = 2018,
	booktitle    = {Proceedings of the second workshop on data management for end-to-end machine learning},
	pages        = {1--4}
}
@inproceedings{yaghini2021human,
	title        = {A human-in-the-loop framework to construct context-aware mathematical notions of outcome fairness},
	author       = {Yaghini, Mohammad and Krause, Andreas and Heidari, Hoda},
	year         = 2021,
	booktitle    = {Proceedings of the 2021 AAAI/ACM Conference on AI, Ethics, and Society},
	pages        = {1023--1033}
}
@article{zhou2017ml,
	title        = {Machine learning on big data: Opportunities and challenges},
	author       = {Zhou, Lina and Pan, Shimei and Wang, Jianwu and Vasilakos, Athanasios V.},
	year         = 2017,
	journal      = {Neurocomputing},
	volume       = 237,
	pages        = {350--361},
	doi          = {10.1016/j.neucom.2017.01.026},
	_url         = {https://doi.org/10.1016/j.neucom.2017.01.026}
}
@inproceedings{srikant1996mining,
	title        = {Mining sequential patterns: Generalizations and performance improvements},
	author       = {Srikant, Ramakrishnan and Agrawal, Rakesh},
	year         = 1996,
	booktitle    = {International conference on extending database technology},
	pages        = {1--17},
	organization = {Springer}
}


@article{information_theoretic_measures,
author = {Vinh, Nguyen Xuan and Epps, Julien and Bailey, James},
file = {:C\:/Users/joseph.giovanelli2/Documents/Mendeley Desktop/Vinh, Epps, Bailey - 2010 - Information theoretic measures for clusterings comparison Variants, properties, normalization and correction.pdf:pdf},
issn = {15324435},
journal = {Journal of Machine Learning Research},
keywords = {Adjustment for chance,Clustering comparison,Information theory,Normalized information distance},
mendeley-groups = {auto-ml/clustering/metrics},
pages = {2837--2854},
title = {{Information theoretic measures for clusterings comparison: Variants, properties, normalization and correction for chance}},
volume = {11},
year = {2010}
}

@ARTICLE{normalized_information_distance,
  author={Ming Li and Xin Chen and Xin Li and Bin Ma and Vitanyi, P.M.B.},
  journal={IEEE Transactions on Information Theory}, 
  title={The similarity metric}, 
  year={2004},
  volume={50},
  number={12},
  pages={3250-3264},
  doi={10.1109/TIT.2004.838101}
}
  
@article{information_theory,
  title={Information theory and statistics},
  author={Cover, Thomas M and Thomas, Joy A},
  journal={Elements of Information Theory},
  volume={1},
  number={1},
  pages={279--335},
  year={1991},
  publisher={Wiley}
}

@article{evaluation_metrics,
  title={Evaluation metrics for unsupervised learning algorithms},
  author={Palacio-Ni{\~n}o, Julio-Omar and Berzal, Fernando},
  journal={arXiv preprint arXiv:1905.05667},
  year={2019}
}

@article{random_index,
  title={Objective criteria for the evaluation of clustering methods},
  author={Rand, William M},
  journal={Journal of the American Statistical association},
  volume={66},
  number={336},
  pages={846--850},
  year={1971},
  publisher={Taylor \& Francis}
}

@article{adjusted_random_index,
  title={Comparing partitions},
  author={Hubert, Lawrence and Arabie, Phipps},
  journal={Journal of classification},
  volume={2},
  number={1},
  pages={193--218},
  year={1985},
  publisher={Springer}
}

@article{fowlkes_method,
  title={A method for comparing two hierarchical clusterings},
  author={Fowlkes, Edward B and Mallows, Colin L},
  journal={Journal of the American statistical association},
  volume={78},
  number={383},
  pages={553--569},
  year={1983},
  publisher={Taylor \& Francis}
}

@article{indeces_for_chanche_agreement,
  title={On similarity indices and correction for chance agreement},
  author={Albatineh, Ahmed N and Niewiadomska-Bugaj, Magdalena and Mihalko, Daniel},
  journal={Journal of Classification},
  volume={23},
  number={2},
  pages={301--313},
  year={2006},
  publisher={Springer}
}

@inproceedings{dongen,
  title={Performance criteria for graph clustering and Markov cluster experiments},
  author={Van Dongen, Stijn},
  booktitle={NATIONAL RESEARCH INSTITUTE FOR MATHEMATICS AND COMPUTER SCIENCE IN THE},
  year={2000},
  organization={Citeseer}
}

@inproceedings{quemy2019data,
title={Data Pipeline Selection and Optimization.},
author={Quemy, Alexandre},
booktitle={DOLAP},
year={2019}
}

@article{h_citerion,
  title={An experimental comparison of model-based clustering methods},
  author={Meil{\u{a}}, Marina and Heckerman, David},
  journal={Machine learning},
  volume={42},
  number={1},
  pages={9--29},
  year={2001},
  publisher={Springer}
}

@inproceedings{l_criterion,
  title={Fast and effective text mining using linear-time document clustering},
  author={Larsen, Bjornar and Aone, Chinatsu},
  booktitle={Proc. of the fifth ACM SIGKDD international conference on Knowledge discovery and data mining},
  pages={16--22},
  year={1999}
}

@inproceedings{mutual_information,
  title={Impact of similarity measures on web-page clustering},
  author={Strehl, Alexander and Ghosh, Joydeep and Mooney, Raymond},
  booktitle={Workshop on artificial intelligence for web search (AAAI 2000)},
  volume={58},
  pages={64},
  year={2000}
}

@article{variation_of_information,
  title={Comparing clusterings—an information based distance},
  author={Meil{\u{a}}, Marina},
  journal={Journal of multivariate analysis},
  volume={98},
  number={5},
  pages={873--895},
  year={2007},
  publisher={Elsevier}
}

@article{normalized_mutual_information,
  title={Cluster ensembles---a knowledge reuse framework for combining multiple partitions},
  author={Strehl, Alexander and Ghosh, Joydeep},
  journal={Journal of machine learning research},
  volume={3},
  number={Dec},
  pages={583--617},
  year={2002}
}

@article{campello2007fuzzy,
  title={A fuzzy extension of the Rand index and other related indexes for clustering and classification assessment},
  author={Campello, Ricardo JGB},
  journal={Pattern Recognition Letters},
  volume={28},
  number={7},
  pages={833--841},
  year={2007},
  publisher={Elsevier}
}

@inproceedings{zhang2010arimp,
  title={ARImp: A generalized adjusted rand index for cluster ensembles},
  author={Zhang, Shaohong and Wong, Hau-San},
  booktitle={2010 20th International Conference on Pattern Recognition},
  pages={778--781},
  year={2010},
  organization={IEEE}
}

@article{zhang2012generalized,
  title={Generalized adjusted rand indices for cluster ensembles},
  author={Zhang, Shaohong and Wong, Hau-San and Shen, Ying},
  journal={Pattern Recognition},
  volume={45},
  number={6},
  pages={2214--2226},
  year={2012},
  publisher={Elsevier}
}

@inproceedings{nguyen2009information,
  title={Information theoretic measures for clusterings comparison: is a correction for chance necessary?},
  author={Nguyen, Xuan Vinh and Epps, Julien and Bailey, James},
  booktitle={ICML},
  year={2009}
}

@article{luo2008information,
  title={Information-theoretic distance measures for clustering validation: Generalization and normalization},
  author={Luo, Ping and Xiong, Hui and Zhan, Guoxing and Wu, Junjie and Shi, Zhongzhi},
  journal={IEEE Transactions on Knowledge and Data Engineering},
  volume={21},
  number={9},
  pages={1249--1262},
  year={2008},
  publisher={IEEE}
}

@article{pfitzner2009characterization,
  title={Characterization and evaluation of similarity measures for pairs of clusterings},
  author={Pfitzner, Darius and Leibbrandt, Richard and Powers, David},
  journal={Knowledge and Information Systems},
  volume={19},
  number={3},
  pages={361--394},
  year={2009},
  publisher={Springer}
}

@book{feldman2007text,
  title={The text mining handbook: advanced approaches in analyzing unstructured data},
  author={Feldman, Ronen and Sanger, James and others},
  year={2007},
  publisher={Cambridge university press}
}

@book{weiss2010text,
  title={Text mining: predictive methods for analyzing unstructured information},
  author={Weiss, Sholom M and Indurkhya, Nitin and Zhang, Tong and Damerau, Fred},
  year={2010},
  publisher={Springer Science \& Business Media}
}

@article{libbrecht2015machine,
  title={Machine learning applications in genetics and genomics},
  author={Libbrecht, Maxwell W and Noble, William Stafford},
  journal={Nature Reviews Genetics},
  volume={16},
  number={6},
  pages={321--332},
  year={2015},
  publisher={Nature Publishing Group}
}

@article{toch2019analyzing,
  title={Analyzing large-scale human mobility data: a survey of machine learning methods and applications},
  author={Toch, Eran and Lerner, Boaz and Ben-Zion, Eyal and Ben-Gal, Irad},
  journal={Knowledge and Information Systems},
  volume={58},
  number={3},
  pages={501--523},
  year={2019},
  publisher={Springer}
}

@article{surden2014machine,
  title={Machine learning and law},
  author={Surden, Harry},
  journal={Wash. L. Rev.},
  volume={89},
  pages={87},
  year={2014},
  publisher={HeinOnline}
}

@inproceedings{vieira2011query,
  title={On query result diversification},
  author={Vieira, Marcos R and Razente, Humberto L and Barioni, Maria CN and Hadjieleftheriou, Marios and Srivastava, Divesh and Traina, Caetano and Tsotras, Vassilis J},
  booktitle={2011 IEEE 27th International Conference on Data Engineering},
  pages={1163--1174},
  year={2011},
  organization={IEEE}
}

@article{jolliffe2005principal,
  title={Principal component analysis},
  author={Jolliffe, Ian},
  journal={Encyclopedia of statistics in behavioral science},
  year={2005},
  publisher={Wiley Online Library}
}

@inproceedings{zhao2007spectral,
  title={Spectral feature selection for supervised and unsupervised learning},
  author={Zhao, Zheng and Liu, Huan},
  booktitle={Proc. of the 24th international conference on Machine learning},
  year={2007}
}

@article{miao2016survey,
  title={A survey on feature selection},
  author={Miao, Jianyu and Niu, Lingfeng},
  journal={Procedia Computer Science},
  volume={91},
  pages={919--926},
  year={2016},
  publisher={Elsevier}
}

@article{bishop1994neural,
  title={Neural networks and their applications},
  author={Bishop, Chris M},
  journal={Review of scientific instruments},
  volume={65},
  number={6},
  pages={1803--1832},
  year={1994},
  publisher={American Institute of Physics}
}

@article{hanussek2020can,
  title={Can AutoML outperform humans? An evaluation on popular OpenML datasets using AutoML benchmark},
  author={Hanussek, Marc and Blohm, Matthias and Kintz, Maximilien},
  journal={arXiv preprint arXiv:2009.01564},
  year={2020}
}

@inproceedings{DBLP:conf/dolap/GiovanelliBA21,
  author    = {Joseph Giovanelli and
               Besim Bilalli and
               Alberto Abell{\'{o}}},
  title     = {Effective data pre-processing for AutoML},
  booktitle = {{DOLAP}},
  series    = {{CEUR} Workshop Proc.},
  volume    = {2840},
  pages     = {1--10},
  publisher = {CEUR-WS.org},
  year      = {2021}
}
@article{FRANCIA2023182,
title = {HAMLET: A framework for Human-centric AutoML via Structured Argumentation},
journal = {Future Generation Computer Systems},
volume = {142},
pages = {182-194},
year = {2023},
issn = {0167-739X},
author = {Matteo Francia and Joseph Giovanelli and Giuseppe Pisano},
keywords = {Human-centric, AutoML, Logic, Argumentation, CRISP-DM, Data scientist},
}

@article{giovanelli2022data,
  title={Data pre-processing pipeline generation for AutoETL},
  author={Giovanelli, Joseph and Bilalli, Besim and Abell{\'o}, Alberto},
  journal={Information Systems},
  volume={108},
  pages={101957},
  year={2022},
  publisher={Elsevier}
}

@inproceedings{thornton2013auto,
  title={Auto-WEKA: Combined selection and hyperparameter optimization of classification algorithms},
  author={Thornton, Chris and Hutter, Frank and Hoos, Holger H and Leyton-Brown, Kevin},
  booktitle={Proc. of the 19th ACM SIGKDD international conference on Knowledge discovery and data mining},
  pages={847--855},
  year={2013}
}

@inproceedings{olson2016tpot,
  title={TPOT: A tree-based pipeline optimization tool for automating machine learning},
  author={Olson, Randal S and Moore, Jason H},
  booktitle={Workshop on automatic machine learning},
  pages={66--74},
  year={2016},
  organization={PMLR}
}

@article{blashfield1978literature,
  title={The literature on cluster analysis},
  author={Blashfield, Roger K and Aldenderfer, Mark S},
  journal={Multivariate behavioral research},
  volume={13},
  number={3},
  pages={271--295},
  year={1978},
  publisher={Taylor \& Francis}
}

@incollection{cunningham2008supervised,
  title={Supervised learning},
  author={Cunningham, P{\'a}draig and Cord, Matthieu and Delany, Sarah Jane},
  booktitle={Machine learning techniques for multimedia},
  pages={21--49},
  year={2008},
  publisher={Springer}
}

@article{barlow1989unsupervised,
  title={Unsupervised learning},
  author={Barlow, Horace B},
  journal={Neural computation},
  volume={1},
  number={3},
  pages={295--311},
  year={1989},
  publisher={MIT Press One Rogers Street, Cambridge, MA 02142-1209, USA journals-info~…}
}

@article{jo2019effectiveness,
  title={Effectiveness of normalization pre-processing of big data to the machine learning performance},
  author={Jo, Jun-Mo},
  journal={The Journal of the Korea institute of electronic communication sciences},
  volume={14},
  number={3},
  pages={547--552},
  year={2019},
  publisher={Korea Institute of Electronic Communication Science}
}

@article{liu2019clustering,
  title={Clustering with outlier removal},
  author={Liu, Hongfu and Li, Jun and Wu, Yue and Fu, Yun},
  journal={IEEE transactions on knowledge and data engineering},
  year={2019},
  publisher={IEEE}
}

@article{schemper2003predictive,
  title={Predictive accuracy and explained variation},
  author={Schemper, Michael},
  journal={Statistics in medicine},
  volume={22},
  number={14},
  pages={2299--2308},
  year={2003},
  publisher={Wiley Online Library}
}

@article{tritsarolis2022predicting,
  title={Predicting Co-movement patterns in mobility data},
  author={Tritsarolis, Andreas and Chondrodima, Eva and Tampakis, Panagiotis and Pikrakis, Aggelos and Theodoridis, Yannis},
  journal={GeoInformatica},
  pages={1--23},
  year={2022},
  publisher={Springer}
}

@article{tran2021spatial,
  title={A spatial co-location pattern mining framework insensitive to prevalence thresholds based on overlapping cliques},
  author={Tran, Vanha and Wang, Lizhen and Zhou, Lihua},
  journal={Distributed and Parallel Databases},
  pages={1--38},
  year={2021},
  publisher={Springer}
}

@article{orakzai2021distributed,
  title={Distributed mining of convoys in large scale datasets},
  author={Orakzai, Faisal and Pedersen, Torben Bach and Calders, Toon},
  journal={GeoInformatica},
  volume={25},
  pages={353--396},
  year={2021},
  publisher={Springer}
}

@article{lv2019discovering,
  title={Discovering individual movement patterns from cell-id trajectory data by exploiting handoff features},
  author={Lv, Mingqi and Chen, Ling and Chen, Tieming and Zeng, Dajian and Cao, Bin},
  journal={Information Sciences},
  volume={474},
  pages={18--32},
  year={2019},
  publisher={Elsevier}
}


@inproceedings{helmi2020multiscale,
  title={Multiscale frequent co-movement pattern mining},
  author={Helmi, Shahab and Banaei-Kashani, Farnoush},
  booktitle={2020 IEEE 36th International Conference on Data Engineering (ICDE)},
  pages={829--840},
  year={2020},
  organization={IEEE}
}

@inproceedings{da2020online,
  title={Online clustering of trajectories in road networks},
  author={da Silva, Ticiana L Coelho and Lettich, Francesco and de Mac{\^e}do, Jos{\'e} Ant{\^o}nio Fernandes and Zeitouni, Karine and Casanova, Marco A},
  booktitle={2020 21st IEEE International Conference on Mobile Data Management (MDM)},
  pages={99--108},
  year={2020},
  organization={IEEE}
}

@article{tritsarolis2021online,
  title={Online discovery of co-movement patterns in mobility data},
  author={Tritsarolis, Andreas and Theodoropoulos, George-Stylianos and Theodoridis, Yannis},
  journal={International Journal of Geographical Information Science},
  volume={35},
  number={4},
  pages={819--845},
  year={2021},
  publisher={Taylor \& Francis}
}

@article{fonseca2022multi,
  title={A multi-agent system for solving the dynamic capacitated vehicle routing problem with stochastic customers using trajectory data mining},
  author={Fonseca-Galindo, Juan Camilo and de Castro Surita, Gabriela and Neto, Jos{\'e} Maia and de Castro, Cristiano Leite and Lemos, Andr{\'e} Paim},
  journal={Expert Systems with Applications},
  volume={195},
  pages={116602},
  year={2022},
  publisher={Elsevier}
}

@article{zhu2010clustering,
  title={Clustering validity analysis based on silhouette coefficient},
  author={Zhu, Lianjiang and Ma, Bingxian and Zhao, Xuequan},
  journal={Journal of Computer Applications},
  volume={30},
  number={2},
  pages={139--141},
  year={2010}
}

@article{van2008visualizing,
  title={Visualizing data using t-SNE.},
  author={Van der Maaten, Laurens and Hinton, Geoffrey},
  journal={Journal of machine learning research},
  volume={9},
  number={11},
  year={2008}
}

@techreport{arthur2006k,
  title={k-means++: The advantages of careful seeding},
  author={Arthur, David and Vassilvitskii, Sergei},
  year={2006},
  institution={Stanford}
}

@inproceedings{frigui2004pre,
  title={Pre-processing for data clustering},
  author={Frigui, Hichem},
  booktitle={IEEE Annual Meeting of the Fuzzy Information, 2004. Processing NAFIPS'04.},
  volume={2},
  pages={967--972},
  year={2004},
  organization={IEEE}
}

@article{alelyani2018feature,
  title={Feature selection for clustering: A review},
  author={Alelyani, Salem and Tang, Jiliang and Liu, Huan},
  journal={Data Clustering},
  pages={29--60},
  year={2018},
  publisher={Chapman and Hall/CRC}
}

@article{mohamad2013standardization,
  title={Standardization and its effects on K-means clustering algorithm},
  author={Mohamad, Ismail Bin and Usman, Dauda},
  journal={Research Journal of Applied Sciences, Engineering and Technology},
  volume={6},
  number={17},
  pages={3299--3303},
  year={2013}
}

@inproceedings{breunig2000lof,
  title={LOF: identifying density-based local outliers},
  author={Breunig, Markus M and Kriegel, Hans-Peter and Ng, Raymond T and Sander, J{\"o}rg},
  booktitle={Proc. of the 2000 ACM SIGMOD international conference on Management of data},
  pages={93--104},
  year={2000}
}

@article{no_correct_clustering,
author = {Estivill-Castro, Vladimir},
title = {Why so Many Clustering Algorithms: A Position Paper},
year = {2002},
issue_date = {June 2002},
publisher = {Association for Computing Machinery},
address = {New York, NY, USA},
volume = {4},
number = {1},
issn = {1931-0145},
abstract = {We argue that there are many clustering algorithms, because the notion of "cluster" cannot be precisely defined. Clustering is in the eye of the beholder, and as such, researchers have proposed many induction principles and models whose corresponding optimization problem can only be approximately solved by an even larger number of algorithms. Therefore, comparing clustering algorithms, must take into account a careful understanding of the inductive principles involved.},
journal = {SIGKDD Explor. Newsl.},
month = {jun},
pages = {65–75},
numpages = {11},
keywords = {clustering, inductive principle, clustering criterion}
}

@inproceedings{hancer2018differential,
  title={A differential evolution approach for simultaneous clustering and feature selection},
  author={Hancer, Emrah},
  booktitle={2018 International Conference on Artificial Intelligence and Data Processing (IDAP)},
  pages={1--7},
  year={2018},
  organization={IEEE}
}

@article{hancer2020new,
  title={A new multi-objective differential evolution approach for simultaneous clustering and feature selection},
  author={Hancer, Emrah},
  journal={Engineering Applications of Artificial Intelligence},
  volume={87},
  pages={103307},
  year={2020},
  publisher={Elsevier}
}

@inproceedings{lensen2017using,
  title={Using particle swarm optimisation and the silhouette metric to estimate the number of clusters, select features, and perform clustering},
  author={Lensen, Andrew and Xue, Bing and Zhang, Mengjie},
  booktitle={European Conference on the Applications of Evolutionary Computation},
  pages={538--554},
  year={2017},
  organization={Springer}
}

@inproceedings{o2018particle,
  title={Particle swarm optimisation for feature selection and weighting in high-dimensional clustering},
  author={O'Neill, Damien and Lensen, Andrew and Xue, Bing and Zhang, Mengjie},
  booktitle={2018 IEEE Congress on Evolutionary Computation (CEC)},
  pages={1--8},
  year={2018},
  organization={IEEE}
}

@ARTICLE{memetic,
  author={Sheng, Weiguo and Liu, Xiaohui and Fairhurst, Mike},
  journal={IEEE Transactions on Knowledge and Data Engineering}, 
  title={A Niching Memetic Algorithm for Simultaneous Clustering and Feature Selection}, 
  year={2008},
  volume={20},
  number={7},
  pages={868-879},
  doi={10.1109/TKDE.2008.33}
}
  
@INPROCEEDINGS{dutta2013,
  author={Dutta, Dipankar and Dutta, Paramartha and Sil, Jaya},
  booktitle={2013 3rd IEEE International Advance Computing Conference (IACC)}, 
  title={Simultaneous continuous feature selection and K clustering by Multi Objective Genetic Algorithm},
  year={2013},
  volume={},
  number={},
  pages={937-942}}
  
@article{simulate_annealing,
author = {Saha, Sriparna and Spandana, Rachamadugu and Ekbal, Asif and Bandyopadhyay, Sanghamitra},
title = {Simultaneous Feature Selection and Symmetry Based Clustering Using Multiobjective Framework},
year = {2015},
issue_date = {April 2015},
publisher = {Elsevier Science Publishers B. V.},
address = {NLD},
volume = {29},
number = {C},
issn = {1568-4946},
journal = {Appl. Soft Comput.},
month = {apr},
pages = {479–486},
numpages = {8},
keywords = {Automatic determination of number of clusters, Automatic feature selection, Clustering, Symmetry, Multiobjective optimization (MOO)}
}

@article{prakash2019gravitational,
  title={Gravitational search algorithm and K-means for simultaneous feature selection and data clustering: a multi-objective approach},
  author={Prakash, Jay and Singh, Pramod Kumar},
  journal={Soft Computing},
  volume={23},
  number={6},
  pages={2083--2100},
  year={2019},
  publisher={Springer}
}

@article{hatamlou2013black,
  title={Black hole: A new heuristic optimization approach for data clustering},
  author={Hatamlou, Abdolreza},
  journal={Information sciences},
  volume={222},
  pages={175--184},
  year={2013},
  publisher={Elsevier}
}

@article{Tschechlov2021,
  author       = {Dennis Tschechlov and
                  Manuel Fritz and
                  Holger Schwarz},
  title        = {AutoML4Clust: Efficient AutoML for Clustering Analyses},
  booktitle    = {Proc. of the 24th International Conference on Extending Database
                  Technology, {EDBT} 2021, Nicosia, Cyprus, March 23 - 26, 2021},
  pages        = {343--348},
  publisher    = {OpenProceedings.org},
  year         = {2021},
}

@inproceedings{Liu2021,
author = {Liu, Yue and Li, Shuang and Tian, Wenjie},
title = {AutoCluster: Meta-Learning Based Ensemble Method for Automated Unsupervised Clustering},
year = {2021},
isbn = {978-3-030-75767-0},
publisher = {Springer-Verlag},
address = {Berlin, Heidelberg},
booktitle = {25th Pacific-Asia Conference, PAKDD 2021, May 11–14, Proc., Part III},
pages = {246–258},
numpages = {13}
}

@article{Estivill-Castro2000,
    author = {Estivill-Castro, Vladimir and Lee, Ickjai},
    journal = {Proc. of the 5th International Conference on Geocomputation},
    title = {{Autoclust: Automatic clustering via boundary extraction for mining massive point-data sets.}},
    year = {2000}
}

@article{Kamoshida2020,
    author = {Kamoshida, Ryota and Ishikawa, Fuyuki},
    issn = {18770509},
    journal = {Procedia Computer Science},
    keywords = {Automated machine learning,Clustering,Data analysis,Software engineering education},
    pages = {1596--1605},
    publisher = {Elsevier B.V.},
    title = {{Automated clustering and knowledge acquisition support for beginners}},
    volume = {176},
    year = {2020}
}


@inproceedings{poulakis2020autoclust,
  title={AutoClust: A Framework for Automated Clustering based on Cluster Validity Indices},
  author={Poulakis, Yannis and Doulkeridis, Christos and Kyriazis, Dimosthenis},
  booktitle={2020 IEEE International Conference on Data Mining (ICDM)},
  pages={1220--1225},
  year={2020},
  organization={IEEE}
}

@article{pluto,
title = {Multi-sensor profiling for precision soil-moisture monitoring},
journal = {Computers and Electronics in Agriculture},
volume = {197},
pages = {106924},
year = {2022},
issn = {0168-1699},
author = {Matteo Francia and Joseph Giovanelli and Matteo Golfarelli},
keywords = {Smart watering, Smart irrigation, IoT, Kiwi, Artificial Neural Network},
}

@article{dy2004feature,
  title={Feature selection for unsupervised learning},
  author={Dy, Jennifer G and Brodley, Carla E},
  journal={Journal of machine learning research},
  volume={5},
  number={Aug},
  pages={845--889},
  year={2004}
}

@article{wkmeans,
  author={Huang, J.Z. and Ng, M.K. and Hongqiang Rong and Zichen Li},
  journal={IEEE Transactions on Pattern Analysis and Machine Intelligence}, 
  title={Automated variable weighting in k-means type clustering}, 
  year={2005},
  volume={27},
  number={5},
  pages={657-668}}
  
@inproceedings{vinh2009information,
  title={Information theoretic measures for clusterings comparison: is a correction for chance necessary?},
  author={Vinh, Nguyen Xuan and Epps, Julien and Bailey, James},
  booktitle={Proc. of the 26th annual international conference on machine learning},
  pages={1073--1080},
  year={2009}
}

@article{bergstra2011algorithms,
  title={Algorithms for hyper-parameter optimization},
  author={Bergstra, James and Bardenet, R{\'e}mi and Bengio, Yoshua and K{\'e}gl, Bal{\'a}zs},
  journal={Advances in neural information processing systems},
  volume={24},
  year={2011}
}

@article{patro2015normalization,
  title={Normalization: A preprocessing stage},
  author={Patro, SGOPAL and Sahu, Kishore Kumar},
  journal={arXiv preprint arXiv:1503.06462},
  year={2015}
}

@article{liu2012isolation,
  title={Isolation-based anomaly detection},
  author={Liu, Fei Tony and Ting, Kai Ming and Zhou, Zhi-Hua},
  journal={ACM Transactions on Knowledge Discovery from Data (TKDD)},
  volume={6},
  number={1},
  pages={1--39},
  year={2012},
  publisher={ACM New York, NY, USA}
  }

@article{murtagh2017algorithms,
  title={Algorithms for hierarchical clustering: an overview, II},
  author={Murtagh, Fionn and Contreras, Pedro},
  journal={Wiley Interdisciplinary Reviews: Data Mining and Knowledge Discovery},
  volume={7},
  number={6},
  pages={e1219},
  year={2017},
  publisher={Wiley Online Library}
}


@article{kosub2019note,
  title={A note on the triangle inequality for the Jaccard distance},
  author={Kosub, Sven},
  journal={Pattern Recognition Letters},
  volume={120},
  pages={36--38},
  year={2019},
  publisher={Elsevier}
}

@article{dbi,  
  author={Davies, David L. and Bouldin, Donald W.},
  journal={IEEE Transactions on Pattern Analysis and Machine Intelligence}, 
  title={A Cluster Separation Measure}, 
  year={1979},
  volume={PAMI-1},
  number={2},
  pages={224-227}}

@article{chi,
  title={A dendrite method for cluster analysis},
  author={Cali{\'n}ski, Tadeusz and Harabasz, Jerzy},
  journal={Communications in Statistics-theory and Methods},
  volume={3},
  number={1},
  pages={1--27},
  year={1974},
  publisher={Taylor \& Francis}
}

@misc{ClusteringDatasets,
   author = {Pasi Fr\"anti and Sami Sieranoja},
   title = {K-means properties on six clustering benchmark datasets},
   journal = {Applied Intelligence},
   year = {2018},
   volume  = {48},
   number  = {12},
   pages   = {4743--4759},
}

@article{gagolewski2022framework,
  title={A framework for benchmarking clustering algorithms},
  author={Gagolewski, Marek},
  journal={SoftwareX},
  volume={20},
  pages={101270},
  year={2022},
  publisher={Elsevier}
}

@article{thrun2020clustering,
  title={Clustering benchmark datasets exploiting the fundamental clustering problems},
  author={Thrun, Michael C and Ultsch, Alfred},
  journal={Data in brief},
  volume={30},
  pages={105501},
  year={2020},
  publisher={Elsevier}
}

@article{sobol1967distribution,
  title={The distribution of points in a cube and the accurate evaluation of integrals (in Russian) Zh},
  author={Sobol, I},
  journal={Vychisl. Mat. i Mater. Phys},
  volume={7},
  pages={784--802},
  year={1967}
}


####################### AAAI 24 #######################

@article{marler2010weighted,
	title = {The Weighted sum Method for Multi-objective Optimization: new Insights},
	author = {R. Marler and J. Arora},
	journal = {Structural and multidisciplinary optimization},
	volume = {41},
	pages = {853--862},
	year = {2010}
}


@article{mavrotas2009effective,
	title = {Effective Implementation of the $\varepsilon$-constraint Method in Multi-objective Mathematical Programming Problems},
	author = {G. Mavrotas},
	journal = {Applied mathematics and computation},
	volume = {213},
	number = {2},
	pages = {455--465},
	year = {2009}
}


@article{das1998normal,
	title = {Normal-boundary Intersection: A new Method for Generating the Pareto Surface in Nonlinear Multicriteria Optimization Problems},
	author = {I. Das and J. Dennis},
	journal = {SIAM journal on optimization},
	volume = {8},
	number = {3},
	pages = {631--657},
	year = {1998}
}


@incollection{kamishima2010survey,
	title = {A Survey and Empirical Comparison of Object Ranking Methods},
	author = {T. Kamishima and H. Kazawa and S. Akaho},
	booktitle = {Preference learning},
	pages = {181--201},
	year = {2010}
}


@inproceedings{perrone2021fair,
	title = {Fair Bayesian Optimization},
	author = {V. Perrone and M. Donini and M. Zafar and R. Schmucker and K. Kenthapadi and C. Archambeau},
	booktitle = {Proceedings of the 2021 AAAI/ACM Conference on AI, Ethics, and Society},
	pages = {854--863},
	year = {2021}
}


@article{jenks1967data,
	title = {The Data Model Concept in Statistical Mapping},
	author = {G. Jenks},
	journal = {IYC},
	volume = {7},
	pages = {186--190},
	year = {1967}
}


@article{fisher1958homogeneity,
	title = {On Grouping for Maximum Homogeneity},
	author = {W. Fisher},
	journal = {JASA},
	volume = {53},
	number = {284},
	pages = {789-798},
	year = {1958}
}


@article{wynsberghe-aiethics21a,
	title = {Sustainable {AI:} {AI} for Sustainability and the Sustainability of {AI}},
	author = {A. van Wynsberghe},
	journal = {AIEJ},
	volume = {1},
	number = {3},
	pages = {213--218},
	year = {2021}
}


@book{jin-momlbook06a,
	title = {Multi-objective Machine Learning},
	editor = {Y. Jin},
        publisher = {Springer},
	year = {2006}
}


@book{furnkranz-plbook10a,
	title = {Preference Learning},
	editor = {J. F{\"{u}}rnkranz and E. H{\"{u}}llermeier},
        publisher = {Springer},
	year = {2010}
}


@inproceedings{kulbach-ecai20a,
	title = {Personalized Automated Machine Learning},
	author = {C. Kulbach and P. Philipp and S. Thoma},
	editor = {G. De Giacomo and A. Catal{\'{a}} and B. Dilkina and M. Milano and S. Barro and A. Bugar{\'{\i}}n and J. Lang},
	crossref = {ecai20},
	pages = {1246--1253}
}


@article{pfisterer-arxiv2019a,
	title = {Towards Human Centered {AutoML}},
	author = {F. Pfisterer and J. Thomas and B. Bischl},
	journal = {arXiv:1911.02391 [cs.HC]},
	year = {2019}
}


@article{francia-fgcs23a,
	title = {{HAMLET:} {A} Framework for Human-centric {AutoML} via Structured Argumentation},
	author = {M. Francia and J. Giovanelli and G. Pisano},
	journal = {FGCS},
	volume = {142},
	pages = {182--194},
	year = {2023}
}


@inproceedings{kanda-iconip12a,
	title = {A Meta-learning Approach to Select Meta-heuristics for the Traveling Salesman Problem Using Mlp-based Label Ranking},
	author = {J. Kanda and C. Soares and E. Hruschka and A. Carlos Ponce de Leon Ferreira de Carvalho},
	editor = {T. Huang and Z. Zeng and C. Li and C. Leung},
	booktitle = {Neural Information Processing - 19th International Conference, {ICONIP}
                  2012, Doha, Qatar, November 12-15, 2012, Proceedings, Part {III}},
	volume = {7665},
	pages = {488--495},
	year = {2012}
}


@inproceedings{cunha-sac18a,
	title = {A Label Ranking Approach for Selecting Rankings of Collaborative Filtering Algorithms},
	author = {T. Cunha and C. Soares and A. de Carvalho},
	editor = {H. Haddad and R. Wainwright and R. Chbeir},
	booktitle = {Proceedings of the 33rd Annual {ACM} Symposium on Applied Computing,
                  {SAC} 2018, Pau, France, April 09-13, 2018},
	pages = {1393--1395},
	year = {2018}
}


@inproceedings{oentaryo-aaai15,
	title = {Algorithm Selection via Ranking},
	author = {R. Jayadi Oentaryo and S. Daniel Handoko and H. Chuin Lau},
	editor = {B. Bonet and S. Koenig},
	booktitle = {Proceedings of the Twenty-Ninth {AAAI} Conference on Artificial Intelligence,
                  January 25-30, 2015, Austin, Texas, {USA}},
	pages = {1826--1832},
	year = {2015}
}


@article{kazawa2005order,
	title = {Order {SVM}: a Kernel Method for Order Learning Based on Generalized Order Statistics},
	author = {H. Kazawa and T. Hirao and E. Maeda},
	journal = {Systems and Computers in Japan},
	volume = {36},
	number = {1},
	pages = {35--43},
	year = {2005}
}


@article{zitzler1999multiobjective,
	title = {Multiobjective Evolutionary Algorithms: a Comparative Case Study and the Strength Pareto Approach},
	author = {E. Zitzler and L. Thiele},
	journal = {IEEE TEVC},
	volume = {3},
	number = {4},
	pages = {257--271},
	year = {1999}
}


@book{hansen1994evaluating,
	title = {Evaluating the Quality of Approximations to the Non-dominated set},
	author = {M. Hansen and A. Jaszkiewicz},
        publisher = {IMM Technical Reports},
	year = {1994}
}


@article{schott1995fault,
	title = {Fault Tolerant Design Using Single and Multicriteria Genetic Algorithm Optimization},
	author = {J. Schott},
        journal = {MIT Libraries},
        publisher = {Massachusetts Institute of Technology},
	year = {1995}
}


@article{zitzler2000comparison,
	title = {Comparison of Multiobjective Evolutionary Algorithms: Empirical Results},
	author = {E. Zitzler and K. Deb and L. Thiele},
	journal = evocomp,
	volume = {8},
	number = {2},
	pages = {173--195},
	year = {2000}
}


@inproceedings{joachims2002optimizing,
	title = {Optimizing Search Engines Using Clickthrough Data},
	author = {T. Joachims},
	crossref = {kdd02},
	pages = {133--142}
}


@incollection{deb-ds16,
	title = {Multi-objective Optimization},
	author = {K. Deb and K. Sindhya and J. Hakanen},
	booktitle = {DSJ},
	pages = {161--200},
        publisher = {Springer},
	year = {2016}
}


@article{gunantara-ce18,
	title = {A Review of Multi-objective Optimization: Methods and its Applications},
	author = {N. Gunantara},
	journal = {CE},
	volume = {5},
	number = {1},
	pages = {1502242},
	year = {2018}
}


@inproceedings{salinas-automl22,
	title = {Syne Tune: A Library for Large Scale Hyperparameter Tuning and Reproducible Research},
	author = {D. Salinas and M. Seeger and A. Klein and V. Perrone and M. Wistuba and C. Archambeau},
	crossref = {automlconf22}
}


@article{mallik-arxiv23,
	title = {{PriorBand}: Practical Hyperparameter Optimization in the Age of Deep Learning},
	author = {N. Mallik and E. Bergman and C. Hvarfner and D. Stoll and M. Janowski and M. Lindauer and L. Nardi and F. Hutter},
	journal = {arXiv:2306.12370 [cs.LG]},
	year = {2023}
}


@article{audet-ejor21,
	title = {Performance Indicators in Multiobjective Optimization},
	author = {C. Audet and J. Bigeon and D. Cartier and S. Le Digabel and L. Salomon},
	journal = {EJOR},
	volume = {292},
	number = {2},
	pages = {397--422},
	year = {2021}
}


@article{wang-arxiv21,
	title = {A Theoretical Analysis of {NDCG} Type Ranking Measures},
	author = {Y. Wang and L. Wang and Y. Li and D. He and T. Liu and W. Chen},
	journal = {arXiv:1304.6480},
	year = {2013}
}


@article{kendall-article48,
	title = {Rank Correlation Methods.},
	author = {M. Kendall},
        journal = {Hafner Publishing Co.},
        publisher = {Hafner Publishing Co.},
	year = {1948}
}


@book{scholkopf-book02,
	title = {Learning With Kernels: Support Vector Machines, Regularization, Optimization, and Beyond},
	author = {B. Sch{\"o}lkopf and A. Smola},
        publisher = {MIT Press},
	year = {2002}
}


@article{jolliffe-ftrc16,
	title = {Principal Component Analysis: A Review and Recent Developments},
	author = {I. Jolliffe and J. Cadima},
	journal = {PTRS},
	volume = {374},
	number = {2065},
	year = {2016}
}


@article{balakrishnama-article98,
	title = {Linear Discriminant Analysis - A Brief Tutorial},
	author = {S. Balakrishnama and A. Ganapathiraju},
	journal = {ISIP},
	volume = {18},
	number = {1998},
	pages = {1--8},
	year = {1998}
}


@article{deb-kangal05,
	title = {On Finding Pareto-optimal Solutions Through Dimensionality Reduction for Certain Large-dimensional Multi-objective Optimization Problems},
	author = {K. Deb and D. K. Saxena},
	journal = {KanGAL},
	volume = {2005011},
	pages = {1--19},
	year = {2005}
}


@article{csrank2019,
	title = {Learning Choice Functions: Concepts and Architectures},
	author = {K. Pfannschmidt and P. Gupta and E. H{\"{u}}llermeier},
	journal = {arXiv:1901.10860 [stat.ML]},
	year = {2019}
}


@article{csrank2018,
	title = {Deep Architectures for Learning Context-dependent Ranking Functions},
	author = {K. Pfannschmidt and P. Gupta and E. H{\"{u}}llermeier},
	journal = {arXiv:1803.05796 [stat.ML]},
	year = {2018}
}


@article{pymoo,
	title = {Pymoo: Multi-objective Optimization in Python},
	author = {J. {Blank} and K. {Deb}},
	journal = {IEEE Access},
	volume = {8},
	number = {},
	pages = {89497-89509},
	year = {2020}
}

@proceedings{kdd02,
  title     = {Proc. of {KDD}'02},
  booktitle = {Proc. of {KDD}'02},
  year      = {2002}
}

@article{chen2017ranking,
  title     = {Ranking support vector machine with kernel approximation},
  author    = {Chen, Kai and Li, Rongchun and Dou, Yong and Liang, Zhengfa and Lv, Qi and others},
  journal   = {Computational intelligence and neuroscience},
  volume    = {2017},
  year      = {2017},
  publisher = {Hindawi}
}


####################### TMLR 24 #######################

@article{Yuan-air23a,
  author       = {C. Yuan and
                  S. Agaian},
  title        = {A comprehensive review of Binary Neural Network},
  journal      = {Artificial Intelligence Review},
  volume       = {56},
  number       = {11},
  pages        = {12949--13013},
  year         = {2023},
}

@inproceedings{mallik-neurips23a,
	title = {{PriorBand}: Practical Hyperparameter Optimization in the Age of Deep Learning},
	author = {N. Mallik and C. Hvarfner and E. Bergman and D. Stoll and M. Janowski   and M. Lindauer and L. Nardi and F. Hutter},
	crossref = {neurips23}
}

@inproceedings{li-kdd22a,
  author       = {Y. Li and
                  Y. Shen and
                  H. Jiang and
                  W. Zhang and
                  Z. Yang and
                  C. Zhang and
                  B. Cui},
  title        = {TransBO: Hyperparameter Optimization via Two-Phase Transfer Learning},
  crossref = {kdd22}
}

@inproceedings{wang-acl23a,
  author       = {Y. Wang and
                  Y. Kordi and
                  S. Mishra and
                  A. and
                  N. Smith and
                  D. Khashabi and
                  H. Hajishirzi},
  title        = {Self-Instruct: Aligning Language Models with Self-Generated Instructions},
  crossref     = {acl23}
}

@article{bie-cacm22a,
  author       = {T. De Bie and
                  L. De Raedt and
                  J. Hern{\'{a}}ndez{-}Orallo and
                  H. Hoos and
                  P. Smyth and
                  C. Williams},
  title        = {Automating data science},
  journal      = {Communications of {ACM}},
  volume       = {65},
  number       = {3},
  pages        = {76--87},
  year         = {2022},
}

@inproceedings{zhou-iclr23a,
  author       = {Y. Zhou and
                  A. Ioan Muresanu and
                  Z. Han and
                  K. Paster and
                  S. Pitis and
                  H. Chan and
                  J. Ba},
  title        = {Large Language Models are Human-Level Prompt Engineers},
  crossref = {iclr23}
}

@inproceedings{shin-emnlp20a,
  author       = {T. Shin and
                  Y. Razeghi and
                  R. Logan IV and
                  E. Wallace and
                  S. Singh},
  editor       = {Bonnie Webber and
                  Trevor Cohn and
                  Yulan He and
                  Yang Liu},
  title        = {AutoPrompt: Eliciting Knowledge from Language Models with Automatically
                  Generated Prompts},
  booktitle    = {Proceedings of the Conference on Empirical Methods in Natural
                  Language Processing ({EMNLP}'20)},
  pages        = {4222--4235},
  publisher    = {Association for Computational Linguistics},
  year         = {2020}
}

@inproceedings{song-icml22b,
  title={Open source vizier: distributed infrastructure and API for reliable and flexible blackbox optimization},
  author={Song, Xingyou and Perel, Sagi and Lee, Chansoo and Kochanski, Greg and Golovin, Daniel},
  crossref={icml22}
}

@article{tsai-arxiv23a,
  author       = {Y. Tsai and
                  Y. Tsai and
                  B. Huang and
                  C. Yang and
                  S. Lin},
  title        = {AutoML-GPT: Large Language Model for AutoML},
  journal       = {arXiv:2309.01125 [cs.LG]},
  year         = {2023},
}

@article{nasier-arxiv23a,
  author       = {M. Nasir and
                  S. Earle and
                  J. Togelius and
                  S. James and
                  C. Cleghorn},
  title        = {LLMatic: Neural Architecture Search via Large Language Models and
                  Quality-Diversity Optimization},
  journal       = {arXiv:2306.01102 [cs.NE]},
  year = {2023}
}

@article{choi-bioinformatics23a,
  title={Aliro: an automated machine learning tool leveraging large language models},
  author={H. Choi and J. Moran and N. Matsumoto and M. Hernandez and J. Moore},
  journal={Bioinformatics},
  year={2023},
  publisher={Oxford University Press}
}

@inproceedings{dehghani-iclr22a,
  author       = {M. Dehghani and
                  Y. Tay and
                  A. Arnab and
                  L. Beyer and
                  A. Vaswani},
  title        = {The Efficiency Misnomer},
  crossref ={iclr22}
}

@article{liang-tmlr23a,
  author       = {P. Liang and
                  R. Bommasani and
                  T. Lee and
                  D. Tsipras and
                  D. Soylu and
                  M. Yasunaga and
                  Y. Zhang and
                  D. Narayanan and
                  Y. Wu and
                  A. Kumar and
                  B. Newman and
                  B. Yuan and
                  B. Yan and
                  C. Zhang and
                  C. Cosgrove and
                  C. D. Manning and
                  C. R{\'{e}} and
                  C. Acosta{-}Navas and
                  D. Hudson and
                  E. Zelikman and
                  E. Durmus and
                  F. Ladhak and
                  F. Rong and
                  H. Ren and
                  H. Yao and
                  J. Wang and
                  K. Santhanam and
                  L. J. Orr and
                  L. Zheng and
                  M. Y{\"{u}}ksekg{\"{o}}n{\"{u}}l and
                  M. Suzgun and
                  N. Kim and
                  N. Guha and
                  N. S. Chatterji and
                  O. Khattab and
                  P. Henderson and
                  Q. Huang and
                  R. Chi and
                  S. Michael Xie and
                  S. Santurkar and
                  S. Ganguli and
                  T. Hashimoto and
                  T. Icard and
                  T. Zhang and
                  V. Chaudhary and
                  W. Wang and
                  X. Li and
                  Y. Mai and
                  Y. Zhang and
                  Y. Koreeda},
  title        = {Holistic Evaluation of Language Models},
  journal      = tmlr,
  year         = {2023}
}

@inproceedings{geiping-icml23a,
  title={Cramming: Training a Language Model on a single GPU in one day.},
  author={J. Geiping and T. Goldstein},
  crossref={icml23}
}

@article{rafailov-arxiv23a,
	title = {Direct Preference Optimization: Your Language Model is Secretly a Reward Model},
	author = {R. Rafailov and A. Sharma and E. Mitchell and S. Ermon and C. Manning and C. Finn},
	journal = {arXiv:2305.18290 [cs.LG]},
	year = {2023}
}

@article{ning-arxi23a,
  title={Skeleton-of-thought: Large language models can do parallel decoding},
  author={X. Ning and Z. Lin and Z. Zhou and H. Yang and Y. Wang},
  journal={arXiv:2307.15337 [cs.CL]},
  year={2023}
}

@article{besta-arxiv23a,
  title={Graph of thoughts: Solving elaborate problems with large language models},
  author={M. Besta and N. Blach and A. Kubicek and R. Gerstenberger and L. Gianinazzi and J. Gajda and T. Lehmann and M. Podstawski and H. Niewiadomski and P. Nyczyk and T. Hoefler},
  journal={arXiv:2308.09687},
  year={2023}
}

@inproceedings{wei-iclr22a,
  author       = {J. Wei and
                  M Bosma and
                  V. Zhao and
                  K. Guu and
                  A. Wei Yu and
                  B. Lester and
                  N, Du and
                  A. Dai and
                  Q. Le},
  title        = {Finetuned Language Models are Zero-Shot Learners},
  crossref     = {iclr22}
}

@article{qi-arxiv23a,
  title={Fine-tuning Aligned Language Models Compromises Safety, Even When Users Do Not Intend To!},
  author={X. Qi and Y. Zeng and T. Xie and P. Chen and R. Jia and P. Mittal and P. Henderson},
  journal={arXiv:2310.03693 [cs.CL]},
  year={2023}
}


@article{wu-arxiv23a,
	title = {Fine-grained Human Feedback Gives Better Rewards for Language Model Training},
	author = {Z. Wu and Y. Hu and W. Shi and N. Dziri and A. Suhr and P. Ammanabrolu and N. Smith and M. Ostendorf and H. Hajishirzi},
	journal = {arXiv:2306.01693 [cs.CL]},
	year = {2023}
}



@article{glaese-arxiv22a,
	title = {Improving Alignment of Dialogue Agents via Targeted Human Judgements},
	author = {A. Glaese and N. McAleese and M. Trebacz and J. Aslanides and V. Firoiu and T. Ewalds and M. Rauh and L. Weidinger and M. Chadwick and P. Thacker and L. Campbell{-}Gillingham and J. Uesato and P. Huang and R. Comanescu and F. Yang and A. See and S. Dathathri and R. Greig and C. Chen and D. Fritz and J. Sanchez Elias and R. Green and S. Mokr{\'{a}} and N. Fernando and B. Wu and R. Foley and S. Young and I. Gabriel and W. Isaac and J. Mellor and D. Hassabis and K. Kavukcuoglu and L. Hendricks and G. Irving},
	journal = {arXiv:2209.14375 [cs.CL]},
	year = {2022}
}


@inproceedings{laroche-iclr18a,
	title = {Reinforcement Learning Algorithm Selection},
	author = {R. Laroche and R. Feraud},
	crossref = {iclr18}
}


@article{ruhkopf-tmlr23a,
	title = {{MASIF}: Meta-learned Algorithm Selection Using Implicit Fidelity Information},
	author = {T. Ruhkopf and A. Mohan and D. Deng and A. Tornede and F. Hutter and M. Lindauer},
	journal = tmlr,
	year = {2023}
}


@inproceedings{wachsmuth-cicl13a,
	title = {Automatic Pipeline Construction for Real-time Annotation},
	author = {H. Wachsmuth and M. Rose and G. Engels},
	editor = {A. Gelbukh},
	crossref = {cicling13},
	volume = {7816},
	pages = {38--49}
}


@inproceedings{lorraine-aistats20a,
	title = {Optimizing Millions of Hyperparameters by Implicit Differentiation},
	author = {J. Lorraine and P. Vicol and D. Duvenaud},
	editor = {S. Chiappa and R. Calandra},
	crossref = {aistats20},
	volume = {108},
	pages = {1540--1552}
}


@article{lan-arxiv23a,
	title = {Learning to Optimize for Reinforcement Learning},
	author = {Q. Lan and A. Mahmood and S. Yan and Z. Xu},
	journal = {arXiv:2302.01470},
	year = {2023}
}


@article{moosbauer-tec22a,
	title = {Automated Benchmark-driven Design and Explanation of Hyperparameter Optimizers},
	author = {J. Moosbauer and M. Binder and L. Schneider and F. Pfisterer and M. Becker and M. Lang and L. Kotthoff and B. Bischl},
	journal = evocomp,
	volume = {26},
	number = {6},
	pages = {1336--1350},
	year = {2022}
}


@article{white-arxiv23a,
	title = {Neural Architecture Search: Insights From 1000 Papers},
	author = {C. White and M. Safari and R. Sukthanker and B. Ru and T. Elsken and A. Zela and D. Dey and F. Hutter},
	journal = {arXiv:2301.08727},
	year = {2023}
}

@article{gu-arxiv23a,
  author       = {Y. Gu and
                  L. Dong and
                  F. Wei and
                  M. Huang},
  title        = {Knowledge Distillation of Large Language Models},
  journal      = {arXiv:2306.08543},
  year         = {2023}
}

@inproceedings{hsieh-acl23a,
  author       = {C. Hsieh and
                  C. Li and
                  C. Yeh and
                  H. Nakhost and
                  Y. Fujii and
                  A. Ratner and
                  R. Krishna and
                  C. Lee and
                  T. Pfister},
  editor       = {A. Rogers and
                  J. L. Boyd{-}Graber and
                  N. Okazaki},
  title        = {Distilling Step-by-Step! Outperforming Larger Language Models with
                  Less Training Data and Smaller Model Sizes},
  booktitle    = {Proceedings of the Association for Computational Linguistics ({ACL}'23)},
  pages        = {8003--8017},
  publisher    = {Association for Computational Linguistics},
  year         = {2023}
}

@article{deb-arxiv23a,
	title = {{AtMan}: Understanding Transformer Predictions Through Memory Efficient Attention Manipulation},
	author = {M. Deb and B. Deiseroth and S. Weinbach and P. Schramowski and K. Kersting},
	journal = {arXiv:2301.08110 [cs.LG]},
	year = {2023}
}


@article{han-arxiv23a,
	title = {{MedAlpaca} - An Open-source Collection of Medical Conversational {AI} Models and Training Data},
	author = {T. Han and L. Adams and J. Papaioannou and P. Grundmann and T. Oberhauser and A. L{\"{o}}ser and D. Truhn and K. Bressem},
	journal = {arXiv:2304.08247 [cs.CL]},
	year = {2023}
}


@article{wu-arxiv23b,
	title = {{PMC-LLaMA}: Further Finetuning {LLaMA} on Medical Papers},
	author = {C. Wu and X. Zhang and Y. Zhang and Y. Wang and W. Xie},
	journal = {arXiv:2304.14454 [cs.CL]},
	year = {2023}
}


@inproceedings{mallik-metaws22a,
	title = {{PriorBand}: {HyperBand} + Human Expert Knowledge},
	author = {N. Mallik and C. Hvarfner and D. Stoll and M. Janowski and E. Bergman and M. Lindauer and L. Nardi and F. Hutter},
	crossref = {metalearn22}
}


@article{ba-arxiv2016a,
	title = {Layer Normalization},
	author = {J. Ba and J. Kiros and G. Hinton},
	journal = {arXiv:1607.06450 [stat.ML]},
	year = {2016}
}


@article{shoeybi-arxiv2019a,
	title = {{Megatron-LM}: Training Multi-billion Parameter Language Models Using Model Parallelism},
	author = {M. Shoeybi and M. Patwary and R. Puri and P. LeGresley and J. Casper and B. Catanzaro},
	journal = {arXiv:1909.08053 [cs.CL]},
	year = {2019}
}


@article{balestriero-arxiv23a,
	title = {A Cookbook of Self-supervised Learning},
	author = {R. Balestriero and M. Ibrahim and V. Sobal and A. Morcos and S. Shekhar and T. Goldstein and F. Bordes and A. Bardes and G. Mialon and Y. Tian and A. Schwarzschild and A. Wilson and J. Geiping and Q. Garrido and P. Fernandez and A. Bar and H. Pirsiavash and Y. LeCun and M. Goldblum},
	journal = {arXiv:2304.12210 [cs.LG]},
	year = {2023}
}


@article{zhao-arxiv23a,
	title = {A Survey of Large Language Models},
	author = {W. Zhao and K. Zhou and J. Li and T. Tang and X. Wang and Y. Hou and Y. Min and B. Zhang and J. Zhang and Z. Dong and Y. Du and C. Yang and Y. Chen and Z. Chen and J. Jiang and R. Ren and Y. Li and X. Tang and Z. Liu and P. Liu and J. Nie and J. Wen},
	journal = {arXiv:2303.18223 [cs.CL]},
	year = {2023}
}


@article{touvren-arxiv23a,
	title = {{LLaMA}: Open and Efficient Foundation Language Models},
	author = {H. Touvron and T. Lavril and G. Izacard and X. Martinet and M. Lachaux and T. Lacroix and B. Rozi{\`{e}}re and N. Goyal and E. Hambro and F. Azhar and A. Rodriguez and A. Joulin and E. Grave and G. Lample},
	journal = {arXiv:2302.13971 [cs.CL]},
	year = {2023}
}


@misc{kaplan-arxiv2020a,
	title = {Scaling Laws for Neural Language Models},
	author = {J. Kaplan and S. McCandlish and T. Henighan and T. Brown and B. Chess and R. Child and S. Gray and A. Radford and J. Wu and D. Amodei},
	journal = {arXiv:2001.08361 [cs.LG]},
	year = {2020}
}


@article{koepf-arxiv23a,
	title = {{OpenAssistant} Conversations - Democratizing Large Language Model Alignment},
	author = {A. K{\"{o}}pf and Y. Kilcher and D. von R{\"{u}}tte and S. Anagnostidis and Z. Tam and K. Stevens and A. Barhoum and N. Duc and O. Stanley and R. Nagyfi and S. ES and S. Suri and D. Glushkov and A. Dantuluri and A. Maguire and C. Schuhmann and H. Nguyen and A. Mattick},
	journal = {arXiv:2304.07327 [cs.CL]},
	year = {2023}
}


@article{thoppilan-arxiv22a,
	title = {{LaMDA}: Language Models for Dialog Applications},
	author = {R. Thoppilan and D. De Freitas and J. Hall and N. Shazeer and A. Kulshreshtha and H. Cheng and A. Jin and T. Bos and L. Baker and Y. Du and Y. Li and H. Lee and H. Zheng and A. Ghafouri and M. Menegali and Y. Huang and M. Krikun and D. Lepikhin and J. Qin and D. Chen and Y. Xu and Z. Chen and A. Roberts and M. Bosma and Y. Zhou and C. Chang and I. Krivokon and W. Rusch and M. Pickett and K. Meier{-}Hellstern and M. Morris and T. Doshi and R. Santos and T. Duke and J. Soraker and B. Zevenbergen and V. Prabhakaran and M. Diaz and B. Hutchinson and K. Olson and A. Molina and E. Hoffman{-}John and J. Lee and L. Aroyo and R. Rajakumar and A. Butryna and M. Lamm and V. Kuzmina and J. Fenton and A. Cohen and R. Bernstein and R. Kurzweil and B. Aguera{-}Arcas and C. Cui and M. Croak and E. Chi and Q. Le},
	journal = {arXiv:2201.08239 [cs.CL]},
	year = {2022}
}


@article{hogan-acmcs22a,
	title = {Knowledge Graphs},
	author = {A. Hogan and E. Blomqvist and M. Cochez and C. d'Amato and G. de Melo and C. Gutierrez and S. Kirrane and J. Labra Gayo and R. Navigli and S. Neumaier and A. Ngonga Ngomo and A. Polleres and S. Rashid and A. Rula and L. Schmelzeisen and J. Sequeda and S. Staab and A. Zimmermann},
	volume = {54},
	number = {4},
	pages = {71:1--71:37},
        journal = acmcs,
	year = {2022}
}


@article{hutter-blog22a,
	title = {Deep Learning 2.0: Extending the Power of Deep Learning to the Meta-level},
	author = {F. Hutter},
	journal = {AutoML.org Blog},
	year = {2022}
}


@article{wang-arxiv21a,
	title = {Pre-trained Gaussian Processes for Bayesian Optimization},
	author = {Z. Wang and G. Dahl and K. Swersky and C. Lee and Z. Mariet and Z. Nado and J. Gilmer and J. Snoek and Z. Ghahramani},
	journal = {arXiv:2109.08215 [cs.LG]},
	year = {2021}
}


@inproceedings{makarova-automlconf22a,
	title = {Automatic Termination for Hyperparameter Optimization},
	author = {A. Makarova and H. Shen and V. Perrone and A. Klein and J. Faddoul and A. Krause and M. Seeger and C. Archambeau},
	crossref = {automlconf22}
}


@misc{copilot,
	title = {Copilot},
	author = {GitHub}
}


@inproceedings{deng-ecml22a,
	title = {Efficient Automated Deep Learning For Time Series Forecasting},
	author = {D. Deng and F. Karl and F. Hutter and B. Bischl and M. Lindauer},
	crossref = {pkdd22}
}


@article{dettmers-arxiv2022a,
	title = {{LLM}.int8(): 8-bit Matrix Multiplication for Transformers at Scale},
	author = {T. Dettmers and M. Lewis and Y. Belkada and L. Zettlemoyer},
	journal = {arXiv:2208.07339 [cs.LG]},
	year = {2022}
}


@inproceedings{gao-aaai2021a,
	title = {{AutoBERT}-Zero: Evolving {BERT} Backbone From Scratch},
	author = {J. Gao and H. Xu and H. Shi and X. Ren and P. Yu and X. Liang and X. Jiang and Z. Li},
	crossref = {aaai21}
}


@article{hendrycks-arxiv2016a,
	title = {Bridging Nonlinearities and Stochastic Regularizers With Gaussian Error Linear Units},
	author = {D. Hendrycks and K. Gimpel},
	journal = {arXiv:1606.08415 [cs.LG]},
	year = {2016}
}


@inproceedings{bohdal-iclr2023a,
	title = {{PASHA}: Efficient {HPO} and {NAS} With Progressive Resource Allocation},
	author = {O. Bohdal and L. Balles and M. Wistuba and B. Ermis and C. Archambeau and G. Zappella},
	crossref = {iclr23}
}


@article{hollmann2023gpt,
	title = {{GPT} for Semi-automated Data Science: Introducing {CAAFE} for Context-aware Automated Feature Engineering},
	author = {N. Hollmann and S. Müller and F. Hutter},
	journal = {arXiv:2305.03403 [cs.AI]},
	year = {2023}
}


@inproceedings{kudo-acl2018a,
	title = {Subword Regularization: Improving Neural Network Translation Models With Multiple Subword Candidates},
	author = {T. Kudo},
	crossref = {acl18},
	pages = {66--75}
}


@inproceedings{lewis-acl20a,
	title = {{BART}: Denoising Sequence-to-sequence Pre-training for Natural Language Generation, Translation, and Comprehension},
	author = {M. Lewis and Y. Liu and N. Goyal and M. Ghazvininejad and A. Mohamed and O. Levy and V. Stoyanov and L. Zettlemoyer},
	crossref = {acl20},
	pages = {7871--7880}
}


@inproceedings{schuster-ieee2012,
	title = {Japanese and Korean Coice Search},
	author = {M. Schuster and K. Nakajima},
	crossref = {icassp12},
	pages = {5149--5152}
}


@inproceedings{sennrich-acl2016a,
	title = {Neural Machine Translation of Rare Words With Subword Units},
	author = {R. Sennrich and B. Haddow and A. Birch},
	crossref = {acl16},
	pages = {1715--1725}
}


@article{shazeer-arxiv2020a,
	title = {{GLU} Variants Improve Transformer},
	author = {N. Shazeer},
	journal = {arXiv:2002.05202 [cs.LG]},
	year = {2020}
}


@inproceedings{shazeer-icml18a,
	title = {Adafactor: Adaptive Learning Rates With Sublinear Memory Cost},
	author = {N. Shazeer and M. Stern},
	crossref = {icml18},
	pages = {4603-4611}
}


@inproceedings{shen-aaai2020a,
	title = {{Q-BERT:} Hessian Based Ultra Low Precision Quantization of {BERT}},
	author = {S. Shen and Z. Dong and J. Ye and L. Ma and Z. Yao and A. Gholami and M. Mahoney and K. Keutzer},
	crossref = {aaai20}
}


@inproceedings{so-neurips2022a,
	title = {Searching for Efficient Transformers for Language Modeling},
	author = {D. So and W. Ma\'{n}ke and H. Liu and Z. Dai and N. Shazeer and Q. Le},
	crossref = {neurips21},
	pages = {6010--6022}
}


@article{su-arxiv2022,
	title = {{RoFormer}: Enhanced Transformer With Rotary Position Embedding},
	author = {J. Su and Y. Lu and S. Pan and A. Murtadha and B. Wen and Y. Liu},
	journal = {arXiv:2104.09864 [cs.CL]},
	year = {2022}
}


@article{wang-arxiv2023a,
	title = {Cost-effective Hyperparameter Optimization for Large Language Model Generation Inference},
	author = {C. Wang and S. Liu and A. Awadallah},
	journal = {arXiv:2303.04673 [cs.CL]},
	year = {2023}
}


@inproceedings{wang-emnlp20a,
	title = {Structured Pruning of Large Language Models},
	author = {Z. Wang and J. Wohlwend and T. Lei},
	crossref = {emnlp20},
	pages = {6151--6162}
}


@inproceedings{wang-iclr2021a,
	title = {Economic Hyperparameter Optimization With Blended Search Strategy},
	author = {C. Wang and Q. Wu and S. Huang and A. Saied},
	crossref = {iclr21}
}


@inproceedings{xiong-icml20a,
	title = {On Layer Normalization in the Transformer Architecture},
	author = {R. Xiong and Y. Yang and D. He and K. Zheng and S. Zheng and C. Xing and H. Zhang and Y. Lan and L. Wang and T. Liu},
	crossref = {icml20}
}


@article{zheng2023gpt4,
	title = {Can Gpt-4 Perform Neural Architecture Search?},
	author = {M. Zheng and X. Su and S. You and F. Wang and C. Qian and C. Xu and S. Albanie},
	journal = {arXiv:2304.10970 [cs.LG]},
	year = {2023}
}


@article{zhang-arxiv23b,
	title = {{AutoML-GPT}: Automatic Machine Learning With {GPT}},
	author = {S. Zhang and C. Gong and L. Wu and X. Liu and M. Zhou},
	journal = {arXiv:2305.02499 [cs.CL]},
	year = {2023}
}


@article{zhang-arxiv2022a,
	title = {{OPT}: Open Pre-trained Transformer Language Models},
	author = {S. Zhang and S. Roller and N. Goyal and M. Artetxe and M. Chen and S. Chen and C. Dewan and M. Diab and X. Li and X. Lin and T. Mihaylov and M. Ott and S. Shleifer and K. Shuster and D. Simig and P. Koura and A. Sridhar and T. Wang and L. Zettlemoyer},
	journal = {arXiv:2205.01068 [cs.CL]},
	year = {2022}
}

@article{zhang-arxiv23c,
      author       = {S. Zhang and
                      L. Dong and
                      X. Li and
                      S. Zhang and
                      X. Sun and
                      S. Wang and
                      J. Li and
                      R. Hu and
                      T. Zhang and
                      F. Wu and
                      G. Wang},
      title        = {Instruction Tuning for Large Language Models: {A} Survey},
      journal      = {arXiv:2308.10792 [cs.CL]},
      year         = {2023},

}

@article{liu-arxiv23a,
      author       = {B. Liu and
                      C. Chen and
                      C. Liao and
                      Z. Gong and
                      H. Wang and
                      Z. Lei and
                      M. Liang and
                      D. Chen and
                      M. Shen and
                      H. Zhou and
                      H. Yu and
                      J. Li},
      title        = {MFTCoder: Boosting Code LLMs with Multitask Fine-Tuning},
      journal      = {arXiv:2311.02303 [cs.LG]},
      year         = {2023}
}

@inproceedings{kung-emnlp23a,
      author       = {P. Kung and
                      F. Yin and
                      D. Wu and
                      K. Chang and
                      N. Peng},
      title        = {Active Instruction Tuning: Improving Cross-Task Generalization by
                      Training on Prompt Sensitive Tasks}, 
      crossref = {emnlp23}
} % url          = {https://aclanthology.org/2023.emnlp-main.112},

@inproceedings{emnlp23,
    editors = {H. Bouamor, J. Pino, K. Bali},
    title = {Proceedings of the Conference on Empirical Methods in Natural
                  Language Processing ({EMNLP}'23)},
    booktitle  = {Proceedings of the Conference on Empirical Methods in Natural
                  Language Processing ({EMNLP}'23)},
    year         = {2023},
}


@inproceedings{zhao-ijcai2021a,
	title = {Automatic Mixed-precision Quantization Search of {BERT}},
	author = {C. Zhao and T. Hua and Y. Shen and Q. Lou and H. Jin},
	crossref = {ijcai21}
}


@inproceedings{zhu-nlpcc2021a,
	title = {{AutoTrans}: Automating Transformer Design via Reinforced Architecture Search},
	author = {W. Zhu and X. Wang and Y. Ni and G. Xie},
	crossref = {nlpcc21}
}


@article{chen2023evoprompting,
	title = {{EvoPrompting}: Language Models for Code-level Neural Architecture Search},
	author = {A. Chen and D. Dohan and D. So},
	journal = {arXiv:2302.14838 [cs.NE]},
	year = {2023}
}


% RLHF citations


@article{fernandes-arxiv23a,
	title = {Bridging the Gap: A Survey on Integrating {(Human)} Feedback for Natural Language Generation},
	author = {P. Fernandes and A. Madaan and E. Liu and A. Farinhas and P. Martins and A. Bertsch and J. de Souza and S. Zhou and T. Wu and G. Neubig and A. Martins},
	journal = {arXiv:2305.00955 [cs.CL]},
	year = {2023}
}


@article{lambert-hf22a,
	title = {Illustrating Reinforcement Learning From Human Feedback {(RLHF)}},
	author = {N. Lambert and L. Castricato and L. von Werra and A. Havrilla},
	journal = {Hugging Face Blog},
	year = {2022},
	note = {https://huggingface.co/blog/rlhf}
}


@article{bai-arxiv22a,
	title = {Training a Helpful and Harmless Assistant With Reinforcement Learning From Human Feedback},
	author = {Y. Bai and A. Jones and K. Ndousse and A. Askell and A. Chen and N. DasSarma and D. Drain and S. Fort and D. Ganguli and T. Henighan and o.},
	journal = {arXiv:2204.05862 [cs.LG]},
	year = {2022}
}


@inproceedings{houlsby-icml19,
	title = {Parameter-efficient Transfer Learning for {NLP}},
	author = {N. Houlsby and A. Giurgiu and S. Jastrzebski and B. Morrone and Q. {de Laroussilhe} and A. Gesmundo and M. Attariyan and S. Gelly},
	crossref = {icml19}
}


@inproceedings{hu-iclr22a,
	title = {{LoRA}: Low-rank Adaptation of Large Language Models},
	author = {E. Hu and Y. Shen and P. Wallis and Z. Allen-Zhu and Y. Li and S. Wang and L. Wang and W. Chen},
	crossref = {iclr22}
}


@inproceedings{aghajanyan-acl21,
	title = {Intrinsic Dimensionality Explains the Effectiveness of Language Model Fine-tuning},
	author = {A. Aghajanyan and L. Zettlemoyer and S. Gupta},
	crossref = {acl21},
	pages = {7319--7328}
}


@inproceedings{zhang-neurips21,
	title = {Fast Multi-resolution Transformer Fine-tuning for Extreme Multi-label Text Classification},
	author = {J. Zhang and W. Chang and H. Yu and I. Dhillon},
	crossref = {neurips21}
}


@inproceedings{mahabadi-acl21,
	title = {Parameter-efficient Multi-task Fine-tuning for Transformers via Shared Hypernetworks},
	author = {R. Mahabadi and S. Ruder and M. Dehghani and J. Henderson},
	crossref = {acl21},
	pages = {565--576}
}


@article{lee-arxiv19,
	title = {What Would Elsa do? Freezing Layers During Transformer Fine-tuning},
	author = {J. Lee and R. Tang and J. Lin},
	journal = {arXiv:1911.03090 [cs.CL]},
	year = {2019}
}


@inproceedings{chen-ijcai20,
	title = {{AdaBERT}: Task-adaptive {BERT} Compression With Differentiable Neural Architecture Search},
	author = {D. Chen and Y. Li and M. Qiu and Z. Z. Wang and B. Li and B. Ding and H. Deng and J. Huang and W. Lin and J. Zhou},
	crossref = {ijcai20}
}


@article{wei-arxiv22a,
	title = {Emergent Abilities of Large Language Models},
	author = {J. Wei and Y. Tay and R. Bommasani and C. Raffel and B. Zoph and S. Borgeaud and D. Yogatama and M. Bosma and D. Zhou and D. Metzler and E. Chi and T. Hashimoto and O. Vinyals and P. Liang and J. Dean and W. Fedus},
	journal = tmlr,
	year = {2022}
}


@article{garcia-salamanca23,
	title = {The Perception of Artificial Intelligence in Educational Contexts After the Launch of {ChatGPT}: Disruption or Panic? {[La} Percepción de la Inteligencia Artificial en Contextos Educativos Tras el Lanzamiento de {ChatGPT}: Disrupción o Pánico]},
	author = {F. Garc{\'\i}a-Pe{\~n}alvo},
	journal = {Education in the Knowledge Society (EKS)},
	volume = {24},
	pages = {e31279},
	year = {2023}
}


@article{kasneci-lid23a,
	title = {{ChatGPT} for Good? On Opportunities and Challenges of Large Language Models for Education},
	author = {E. Kasneci and K. Se{\ss}ler and S. K{\"u}chemann and M. Bannert and D. Dementieva and F. Fischer and U. Gasser and G. Groh and S. G{\"u}nnemann and E. H{\"u}llermeier and S. Krusche and G. Kutyniok and T. Michaeli and C. Nerdel and J. Pfeffer and O. Poquet and M. Sailer and A. Schmidt and T. Seidel and M. Stadler and J. Weller and J. Kuhn and G. Kasneci},
	journal = {Learning and Individual Differences},
	volume = {103},
	pages = {102274},
	year = {2023}
}


@article{alberts-jnmmi23a,
	title = {Large Language Models {(LLM)} and {ChatGPT}: What Will the Impact on Nuclear Medicine be?},
	author = {I. Alberts and L. Mercolli and T. Pyka and G. Prenosil and K. Shi and A. Rominger and A. Afshar-Oromieh},
	journal = {European Journal of Nuclear Medicine and Molecular Imaging ({EJNMMI}'23)},
	pages = {1--4},
	year = {2023}
}


@article{dakhel-jss23a,
	title = {{GitHub} Copilot {AI} Pair Programmer: Asset or Liability?},
	author = {A. Dakhel and V. Majdinasab and A. Nikanjam and F. Khomh and M. Desmarais and Z. Jiang},
	journal = {Journal of Systems and Software},
	pages = {111734},
	year = {2023}
}


@article{noonan-ssrn23,
	title = {Creative Mutation: A Prescriptive Approach to the Use of {ChatGPT} and Large Language Models in Lawyering},
	author = {N. Noonan},
	journal = {Social Science Research Network ({SSRN} 4406907)},
	year = {2023}
}


@article{adamopoulou-mla20,
	title = {Chatbots: History, Technology, and Applications},
	author = {E. Adamopoulou and L. Moussiades},
	journal = {Machine Learning with Applications},
	volume = {2},
	year = {2020}
}


@article{yu2023gptnas,
	title = {Gpt-nas: Neural Architecture Search With the Generative Pre-trained Model},
	author = {C. Yu and X. Liu and C. Tang and W. Feng and J. Lv},
	journal = {arXiv:2305.05351 [cs.CV]},
	year = {2023}
}


@article{lindauer-automlorg22,
	title = {Rethinking {AutoML}: Advancing From a Machine-centric to Human-centric Paradigm},
	author = {M. Lindauer and A. Tornede},
	journal = {AutoML.org Blog},
	year = {2022}
}


@article{radford-openai19a,
	title = {Language Models are Unsupervised Multitask Learners},
	author = {A. Radford and J. Wu and R. Child and D. Luan and D. Amodei and I. Sutskever},
	journal = {OpenAI Blog},
	volume = {1},
	number = {8},
	pages = {9},
	year = {2019}
}


@article{radford-openai18a,
	title = {Improving Language Understanding by Generative Pre-training},
	author = {A. Radford and K. Narasimhan and T. Salimans and I. Sutskever},
	journal = {OpenAI Blog},
	year = {2018}
}


@article{copilot-github21a,
	title = {Introducing {GitHub} Copilot: Your {AI} Pair Programmer},
	author = {N. Friedman},
	journal = {GitHub Blog},
	year = {2021}
}


@article{openai-openai22a,
	title = {Introducing {ChatGPT}},
	author = {OpenAI},
	journal = {OpenAI Blog},
	year = {2022}
}


@article{openai-openai23a,
	title = {Gpt-4 is {OpenAI’s} Most Advanced System, Producing Safer and More Useful Responses},
	author = {OpenAI},
	journal = {OpenAI Blog},
	year = {2023}
}


@inproceedings{gilpin-dsaa18a,
	title = {Explaining Explanations: An Overview of Interpretability of Machine Learning},
	author = {L. Gilpin and D. Bau and B. Yuan and A. Bajwa and M. Specter and L. Kagal},
	crossref = {dsaa18},
	pages = {80--89}
}


@misc{godbole-github23,
	title = {Deep Learning Tuning Playbook},
	author = {V. Godbole and G. Dahl and J. Gilmer and C. Shallue and Z. Nado},
	year = {2023},
	note = {Version 1}
}


@article{zhang-arxiv23a,
	title = {{MLCopilot}: Unleashing the Power of Large Language Models in Solving Machine Learning Tasks},
	author = {L. Zhang and Y. Zhang and K. Ren and R. Li and Y. Yang},
	journal = {arXiv:2304.12210 [cs.LG]},
	year = {2023}
}


@article{ji-acmcs23a,
	title = {Survey of Hallucination in Natural Language Generation},
	author = {Z. Ji and N. Lee and R. Frieske and T. Yu and D. Su and Y. Xu and E. Ishii and Y. Bang and A. Madotto and P. Fung},
	pages = {248:1--248:38},
        journal = acmcs,
	year = {2023}
}


@book{kok-us1984,
	title = {On Data Snooping and Multiple Outlier Testing},
	author = {J. Kok},
	journal = {US Department of Commerce, National Oceanic and Atmospheric Administration, National Ocean Service, Charting and Geodetic Services},
	volume = {30},
	year = {1984}
}


@inproceedings{tolosana-if20a,
	title = {Deepfakes and Beyond: {A} Survey of Face Manipulation and Fake Detection},
	author = {R. Tolosana and R. Vera{-}Rodr{\'{i}}guez and J. Fi{\'{e}}rrez and A. Morales and J. Ortega{-}Garcia},
	journal = {Information Fusion},
	volume = {64},
	pages = {131--148},
	year = {2020}
}


@article{yu-arxiv23a,
	title = {{MEGABYTE:} Predicting Million-byte Sequences With Multiscale Transformers},
	author = {L. Yu and D. Simig and C. Flaherty and A. Aghajanyan and L. Zettlemoyer and M. Lewis},
	journal = {arXiv:2305.07185 [cs.LG]},
	year = {2023}
}


@article{mohr-tpami21a,
	title = {Predicting Machine Learning Pipeline Runtimes in the Context of Automated Machine Learning},
	author = {F. Mohr and M. Wever and A. Tornede and E. H{\"{u}}llermeier},
	journal = tpami,
	volume = {43},
	number = {9},
	pages = {3055--3066},
	year = {2021}
}


@inproceedings{wistuba-ecml15a,
	title = {Hyperparameter Search Space Pruning - {A} New Component for Sequential Model-based Hyperparameter Optimization},
	author = {M. Wistuba and N. Schilling and L. Schmidt{-}Thieme},
	crossref = {pkdd15},
	pages = {104--119}
}


@article{nguyen-knowinfsys19a,
	title = {Filtering Bayesian Optimization Approach in Weakly Specified Search Space},
	author = {V. Nguyen and S. Gupta and S. Rana and C. Li and S. Venkatesh},
	journal = {Knowledge and Information Systems ({KAIS}'19)},
	volume = {60},
	number = {1},
	pages = {385--413},
	year = {2019}
}


@article{hu-ieeetnnls22a,
	title = {{PWSNAS}: Powering Weight Sharing {NAS} With General Search Space Shrinking Framework},
	author = {Y. Hu and X. Wang and Q. Gu},
	journal = ieeennls,
	year = {2022}
}


@inproceedings{hu-eccv20a,
	title = {Angle-based Search Space Shrinking for Neural Architecture Search},
	author = {Y. Hu and Y. Liang and Z. Guo and R. Wan and X. Zhang and Y. Wei and Q. Gu and J. Sun},
	crossref = {eccv20},
	pages = {119--134}
}


@inproceedings{chen-iccv19,
	title = {Progressive Differentiable Architecture Search: Bridging the Depth Gap Between Search and Evaluation},
	author = {X. Chen and L. Xie and J. Wu and Q. Tian},
	crossref = {iccv19},
	pages = {1294--1303}
}


@inproceedings{gira-ltedi22,
	title = {Debiasing Pre-trained Language Models via Efficient Fine-tuning},
	author = {M. Gira and R. Zhang and K. Lee},
	crossref = {ltedi22},
	pages = {59--69}
}


@article{schick-tacl21,
	title = {Self-diagnosis and Self-debiasing: {A} Proposal for Reducing Corpus-based Bias in {NLP}},
	author = {T. Schick and S. Udupa and H. Sch{\"{u}}tze},
	journal = {Transactions of the Association for Computational Linguistics ({TACL})},
	volume = {9},
	pages = {1408--1424},
	year = {2021}
}


@article{hernandez-arxiv23,
	title = {Measuring and Manipulating Knowledge Representations in Language Models},
	author = {E. Hernandez and B. Li and J. Andreas},
	journal = {arXiv:2305.02499 [cs.CL]},
	year = {2023}
}


@inproceedings{liang-acl20,
	title = {Towards Debiasing Sentence Representations},
	author = {P. Liang and I. Li and E. Zheng and Y. Lim and R. Salakhutdinov and L. Morency},
	crossref = {acl20},
	pages = {5502--5515}
}


@article{saravanan-arxiv23,
	title = {{FineDeb}: {A} Debiasing Framework for Language Models},
	author = {A. Saravanan and D. Mullick and H. Rahman and N. Hegde},
	journal = {arXiv:2305.02499 [cs.CL]},
	year = {2023}
}


@inproceedings{bender-facct21,
	title = {On the Dangers of Stochastic Parrots: Can Language Models Be Too Big?},
	author = {E. Bender and T. Gebru and A. McMillan{-}Major and S. Shmitchell},
	crossref = {facct21},
	pages = {610--623}
}


@article{yang-arxiv22a,
	title = {Factorizing Knowledge in Neural Networks},
	author = {X. Yang and J. Ye and X. Wang},
	journal = {arXiv:2207.03337 [cs.CV]},
	year = {2022}
}


@inproceedings{kumar-etal-2023-language,
	title = {Language Generation Models Can Cause Harm: So What Can We Do About It? An Actionable Survey},
	author = {S. Kumar and V. Balachandran and L. Njoo and A. Anastasopoulos and Y. Tsvetkov},
	crossref = {ecl23},
	pages = {3299--3321}
}


@inproceedings{sorensen-etal-2022-information,
	title = {An Information-theoretic Approach to Prompt Engineering Without Ground Truth Labels},
	author = {T. Sorensen and J. Robinson and C. Rytting and A. Shaw and K. Rogers and A. Delorey and M. Khalil and N. Fulda and D. Wingate},
	crossref = {acl22},
	pages = {819--862}
}


@misc{faggioli2023perspectives,
	title = {Perspectives on Large Language Models for Relevance Judgment},
	author = {G. Faggioli and L. Dietz and C. Clarke and G. Demartini and M. Hagen and C. Hauff and N. Kando and E. Kanoulas and M. Potthast and B. Stein and H. Wachsmuth},
	journal = {arXiv:2304.09161 [cs.IR]},
	year = {2023}
}


@article{jiang-arxiv23,
	title = {General Intelligence Requires Rethinking Exploration},
	author = {M. Jiang and T. Rockt{\"{a}}schel and E. Grefenstette},
	journal = {arXiv:2211.07819 [cs.AI]},
	year = {2023}
}


@inproceedings{eimer-icml23a,
	title = {Hyperparameters in Reinforcement Learning and How To Tune Them},
	author = {T. Eimer and M. Lindauer and R. Raileanu},
	crossref = {icml23}
}


@inproceedings{wang2021blendsearch,
	title = {Economical Hyperparameter Optimization With Blended Search Strategy},
	author = {C. Wang and Q. Wu and S. Huang and A. Saied},
	crossref = {iclr21}
}


@article{kirsch-arxiv22a,
	title = {General-purpose In-context Learning by Meta-learning Transformers},
	author = {L. Kirsch and J. Harrison and J. Sohl{-}Dickstein and L. Metz},
	journal = {arXiv:2212.04458 [cs.LG]},
	volume = {abs/2212.04458},
	year = {2022}
}


@article{klyuchnikov-tfas22a,
	title = {Nas-bench-nlp: Neural Architecture Search Benchmark for Natural Language Processing},
	author = {N. Klyuchnikov and I. Trofimov and E. Artemova and M. Salnikov and M. Fedorov and A. Filippov and E. Burnaev},
	journal = ieeea,
	volume = {10},
	pages = {45736--45747},
	year = {2022}
}



% =============================
% Proceedings =================
% =============================
@proceedings{ltedi22,
	title = {Proceedings of Workshop on Language Technology for Equality, Diversity and Inclusion ({LT-EDI}'22)},
	booktitle = {Proceedings of Workshop on Language Technology for Equality, Diversity and Inclusion ({LT-EDI}'22)},
	year = {2022}
}


@proceedings{pkdd22,
	title = {Proceedings of the European Conference on Machine Learning and Knowledge Discovery in Databases ({ECML}/{PKDD}'22)},
	booktitle = {Proceedings of the European Conference on Machine Learning and Knowledge Discovery in Databases ({ECML}/{PKDD}'22)},
	year = {2022}
}


@proceedings{facct21,
	title = {Proceedings of the {ACM} Conference on Fairness, Accountability, and Transparency ({FAccT}'21)},
	booktitle = {Proceedings of the {ACM} Conference on Fairness, Accountability, and Transparency ({FAccT}'21)},
	year = {2021}
}


@proceedings{acl16,
	title = {Proceedings of the 54th Conference of the North American Chapter of the Association for Computational Linguistics ({ACL}'16)},
	booktitle = {Proceedings of the 54th Conference of the North American Chapter of the Association for Computational Linguistics ({ACL}'16)},
	year = {2016}
}


@proceedings{acl18,
	title = {Proceedings of the 56th Conference of the North American Chapter of the Association for Computational Linguistics ({ACL}'18)},
	booktitle = {Proceedings of the 56th Conference of the North American Chapter of the Association for Computational Linguistics ({ACL}'18)},
	year = {2018}
}


@proceedings{acl20,
	title = {Proceedings of the 57th Conference of the North American Chapter of the Association for Computational Linguistics ({ACL}'20)},
	booktitle = {Proceedings of the 57th Conference of the North American Chapter of the Association for Computational Linguistics ({ACL}'20)},
	year = {2020}
}

@proceedings{acl22,
	title = {Proceedings of the 59th Conference of the North American Chapter of the Association for Computational Linguistics ({ACL}'22)},
	booktitle = {Proceedings of the 59th Conference of the North American Chapter of the Association for Computational Linguistics ({ACL}'22)},
	year = {2022}
}

@proceedings{acl23,
	title = {Proceedings of the 60th Conference of the North American Chapter of the Association for Computational Linguistics ({ACL}'23)},
	booktitle = {Proceedings of the 60th Conference of the North American Chapter of the Association for Computational Linguistics ({ACL}'23)},
	year = {2023}
}


@proceedings{ecl23,
	title = {Proceedings of the 17th Conference of the European American Chapter of the Association for Computational Linguistics: Human Language Technologies ({ACL}'23)},
	booktitle = {Proceedings of the 17th Conference of the European American Chapter of the Association for Computational Linguistics: Human Language Technologies ({ACL}'23)},
	year = {2023}
}



@proceedings{cicling13,
	title = {Proceedings of the International Conference on Computational Linguistics and Intelligent Text Processing ({CICLing}'13)},
	booktitle = {Proceedings of the International Conference on Computational Linguistics and Intelligent Text Processing ({CICLing}'13)},
	year = {2013}
}


@proceedings{icassp12,
	title = {Proceedings of the International Conference on Acoustics, Speech and Signal Processing ({ICASSP}'12)},
	booktitle = {Proceedings of the International Conference on Acoustics, Speech and Signal Processing ({ICASSP}'12)},
	year = {2012}
}


@proceedings{nlpcc21,
	title = {Proceedings of the 11th {CCF} International Conference on Natural Language Processing and Chinese Computing ({NLPCC2022}'21)},
	booktitle = {Proceedings of the 11th {CCF} International Conference on Natural Language Processing and Chinese Computing ({NLPCC2022}'21)},
	year = {2021}
}


@proceedings{dsaa18,
	title = {Proceedings of the International Conference on Data Science and Advanced Analytics ({DSAA}'18)},
	booktitle = {Proceedings of the International Conference on Data Science and Advanced Analytics ({DSAA}'18)},
	year = {2018}
}

@proceedings{neurips23,
	title = {Proceedings of the 37th International Conference on Advances in Neural Information Processing Systems ({N}eur{IPS}'23)},
	booktitle = {Proceedings of the 37th International Conference on Advances in Neural Information Processing Systems ({N}eur{IPS}'23)},
        publisher=curran,
	year = {2023}
}

@article{yin-arxiv2023a,
    title = {A Survey on Multimodal Large Language Models},
    author = {S. Yin and C. Fu and S. Zhao and K. Li and X. Sun and T. Xu and E. Chen},
    journal = {arXiv:2306.13549 [cs.CV]},
    year = {2023}
}

@article{wu-arxiv2023a,
    title = {Multimodal Large Language Models: A Survey},
    author = {J. Wu and W. Gan and Z. Chen and S. Wan and P. S. Yu},
    journal = {arXiv:2311.13165 [cs.AI]},
    year = {2023}
}

@article{li-arxiv2023a,
    title={BLIP-2: Bootstrapping Language-Image Pre-training with Frozen Image Encoders and Large Language Models}, 
    author={J. Li and D. Li and S. Savarese and S. Hoi},
    journal = {arXiv:2301.12597 [cs.CV]},
    year = {2023}
}

@article{zhang-arxiv2023a,
    title={LLaMA-Adapter: Efficient Fine-tuning of Language Models with Zero-init Attention}, 
    author={R. Zhang and J. Han and C. Liu and P. Gao and A. Zhou and X. Hu and S. Yan and P. Lu and H. Li and Y. Qiao},
    journal = {arXiv:2303.16199 [cs.CV]},
    year = {2023}
}

@inproceedings{zhao-neurips23a,
    title = {On Evaluating Adversarial Robustness of Large Vision-Language Models},
    author = {Y. Zhao and T. Pang and C. Du and X. Yang and C. Li and N. Cheung and M. Lin},
    crossref = {neurips23}
}

@inproceedings {xu-cvpr18a,
author = {T. Xu and P. Zhang and Q. Huang and H. Zhang and Z. Gan and X. Huang and X. He},
booktitle = {2018 IEEE/CVF Conference on Computer Vision and Pattern Recognition (CVPR)},
title = {{AttnGAN}: Fine-Grained Text to Image Generation with Attentional Generative Adversarial Networks},
crossref = {cvpr18},
year = {2018},
pages = {1316-1324},
}

@article{grimal-arxiv2023a,
      title={{TIAM} -- A Metric for Evaluating Alignment in Text-to-Image Generation}, 
      author={P. Grimal and H. L. Borgne and O. Ferret and J. Tourille},
      journal = {arXiv:2307.05134 [cs.CV]},
      year={2023},
}

% =============================
% Strings =====================
% =============================

@string{tacl = {Transactions of the Association for Computational Linguistics ({TACL})}}
